<?xml version="1.0" encoding="UTF-8"?>
<!DOCTYPE html PUBLIC "-//W3C//DTD XHTML 1.0 Transitional//EN"
    "http://www.w3.org/TR/xhtml1/DTD/xhtml1-transitional.dtd">
<html xmlns="http://www.w3.org/1999/xhtml" xml:lang="en" lang="en">
 <head>
  <title>
</title>
<meta http-equiv="Content-Type" content="text/html;charset=utf-8" />
  <meta name='ocr-system' content='tesseract 3.04.00' />
  <meta name='ocr-capabilities' content='ocr_page ocr_carea ocr_par ocr_line ocrx_word'/>
</head>
<body>
  <div class='ocr_page' id='page_1' title='image "./analectahymnica16drevuoft_00040.png"; bbox 0 0 1651 2518; ppageno 0'>
   <div class='ocr_carea' id='block_1_1' title="bbox 687 96 917 131">
    <p class='ocr_par' dir='ltr' id='par_1_1' title="bbox 687 96 917 131">
     <span class='ocr_line' id='line_1_1' title="bbox 687 96 917 131; baseline 0.009 -11"><span class='ocrx_word' id='word_1_1' title='bbox 687 96 917 131; x_wconf 63' lang='lat'><strong>-37-</strong></span> 
     </span>
    </p>
   </div>
   <div class='ocr_carea' id='block_1_2' title="bbox 550 192 1057 373">
    <p class='ocr_par' dir='ltr' id='par_1_2' title="bbox 550 192 1057 373">
     <span class='ocr_line' id='line_1_2' title="bbox 550 192 1057 232; baseline -0.002 -8"><span class='ocrx_word' id='word_1_2' title='bbox 550 193 581 224; x_wconf 88' lang='lat'>3.</span> <span class='ocrx_word' id='word_1_3' title='bbox 607 192 681 231; x_wconf 86' lang='lat' dir='ltr'>Ipse</span> <span class='ocrx_word' id='word_1_4' title='bbox 706 192 759 223; x_wconf 89' lang='lat' dir='ltr'>det</span> <span class='ocrx_word' id='word_1_5' title='bbox 781 194 903 232; x_wconf 84' lang='lat' dir='ltr'>patrem</span> <span class='ocrx_word' id='word_1_6' title='bbox 928 200 1057 223; x_wconf 84' lang='lat' dir='ltr'>noscere</span> 
     </span>
     <span class='ocr_line' id='line_1_3' title="bbox 608 238 1012 277; baseline -0.005 -6"><span class='ocrx_word' id='word_1_7' title='bbox 608 238 708 271; x_wconf 85' lang='lat' dir='ltr'>Nobis</span> <span class='ocrx_word' id='word_1_8' title='bbox 734 242 766 270; x_wconf 88' lang='lat' dir='ltr'>et</span> <span class='ocrx_word' id='word_1_9' title='bbox 788 238 887 270; x_wconf 88' lang='lat' dir='ltr'>filium</span> <span class='ocrx_word' id='word_1_10' title='bbox 910 238 1012 277; x_wconf 88' lang='lat' dir='ltr'>ipsum</span> 
     </span>
     <span class='ocr_line' id='line_1_4' title="bbox 613 285 1056 324; baseline -0.005 -6"><span class='ocrx_word' id='word_1_11' title='bbox 613 285 783 318; x_wconf 79' lang='lat' dir='ltr'>Credentes</span> <span class='ocrx_word' id='word_1_12' title='bbox 808 286 891 317; x_wconf 87' lang='lat' dir='ltr'>omni</span> <span class='ocrx_word' id='word_1_13' title='bbox 916 288 1056 324; x_wconf 85' lang='lat' dir='ltr'>tempore</span> 
     </span>
     <span class='ocr_line' id='line_1_5' title="bbox 614 332 1019 373; baseline 0.002 -9"><span class='ocrx_word' id='word_1_14' title='bbox 614 333 655 365; x_wconf 86' lang='lat' dir='ltr'>Se</span> <span class='ocrx_word' id='word_1_15' title='bbox 678 333 841 372; x_wconf 80' lang='lat' dir='ltr'>utriusque</span> <span class='ocrx_word' id='word_1_16' title='bbox 865 332 1019 373; x_wconf 77' lang='lat' dir='ltr'>spiritum.</span> 
     </span>
    </p>
   </div>
   <div class='ocr_carea' id='block_1_3' title="bbox 158 404 1448 480">
    <p class='ocr_par' dir='ltr' id='par_1_3' title="bbox 158 404 1448 480">
     <span class='ocr_line' id='line_1_6' title="bbox 233 404 1448 441; baseline -0.001 -8"><span class='ocrx_word' id='word_1_17' title='bbox 233 405 313 434; x_wconf 68' lang='lat' dir='ltr'>Orat,</span> <span class='ocrx_word' id='word_1_18' title='bbox 338 415 391 434; x_wconf 84' lang='lat' dir='ltr'>ms.</span> <span class='ocrx_word' id='word_1_19' title='bbox 417 414 492 435; x_wconf 81' lang='lat' dir='ltr'>saee-</span> <span class='ocrx_word' id='word_1_20' title='bbox 518 405 562 435; x_wconf 86' lang='lat'>15.</span> <span class='ocrx_word' id='word_1_21' title='bbox 588 407 658 435; x_wconf 82' lang='lat' dir='ltr'>Ood.</span> <span class='ocrx_word' id='word_1_22' title='bbox 685 407 715 435; x_wconf 80' lang='lat' dir='ltr'>S.</span> <span class='ocrx_word' id='word_1_23' title='bbox 734 407 909 435; x_wconf 80' lang='lat' dir='ltr'>Ferdinandi</span> <span class='ocrx_word' id='word_1_24' title='bbox 928 408 1075 434; x_wconf 82' lang='lat' dir='ltr'>Matriten.</span> <span class='ocrx_word' id='word_1_25' title='bbox 1103 405 1148 435; x_wconf 87' lang='grc'>14.</span> <span class='ocrx_word' id='word_1_26' title='bbox 1172 422 1210 426; x_wconf 90' lang='grc'>-</span> <span class='ocrx_word' id='word_1_27' title='bbox 1238 405 1270 440; x_wconf 84' lang='lat'>3,</span> <span class='ocrx_word' id='word_1_28' title='bbox 1294 404 1314 433; x_wconf 99' lang='lat'>4</span> <span class='ocrx_word' id='word_1_29' title='bbox 1333 406 1448 441; x_wconf 81' lang='lat' dir='ltr'>Seuque</span> 
     </span>
     <span class='ocr_line' id='line_1_7' title="bbox 158 443 366 480; baseline 0.005 -10"><span class='ocrx_word' id='word_1_30' title='bbox 158 445 294 480; x_wconf 80' lang='lat' dir='ltr'>spiritum</span> <span class='ocrx_word' id='word_1_31' title='bbox 312 443 366 471; x_wconf 82' lang='lat' dir='ltr'>Hs.</span> 
     </span>
    </p>
   </div>
   <div class='ocr_carea' id='block_1_4' title="bbox 552 590 1061 623">
    <p class='ocr_par' dir='ltr' id='par_1_4' title="bbox 552 590 1061 623">
     <span class='ocr_line' id='line_1_8' title="bbox 552 590 1061 623; baseline 0 -2"><span class='ocrx_word' id='word_1_32' title='bbox 552 591 600 622; x_wconf 82' lang='lat'>20.</span> <span class='ocrx_word' id='word_1_33' title='bbox 632 592 667 623; x_wconf 89' lang='lat' dir='ltr'>In</span> <span class='ocrx_word' id='word_1_34' title='bbox 685 590 885 622; x_wconf 82' lang='lat' dir='ltr'>Exaltatione</span> <span class='ocrx_word' id='word_1_35' title='bbox 905 598 928 622; x_wconf 88' lang='lat' dir='ltr'>s.</span> <span class='ocrx_word' id='word_1_36' title='bbox 950 590 1061 622; x_wconf 81' lang='lat' dir='ltr'>GrueiS.</span> 
     </span>
    </p>
   </div>
   <div class='ocr_carea' id='block_1_5' title="bbox 703 685 925 723">
    <p class='ocr_par' dir='ltr' id='par_1_5' title="bbox 703 685 925 723">
     <span class='ocr_line' id='line_1_9' title="bbox 703 685 925 723; baseline -0.005 -8"><span class='ocrx_word' id='word_1_37' title='bbox 703 686 752 715; x_wconf 82' lang='lat' dir='ltr'>Ad</span> <span class='ocrx_word' id='word_1_38' title='bbox 772 685 849 723; x_wconf 83' lang='lat' dir='ltr'>Vesp</span> <span class='ocrx_word' id='word_1_39' title='bbox 853 694 925 716; x_wconf 86' lang='lat' dir='ltr'>eras.</span> 
     </span>
    </p>
   </div>
   <div class='ocr_carea' id='block_1_6' title="bbox 169 781 1384 955">
    <p class='ocr_par' dir='ltr' id='par_1_6' title="bbox 169 781 1384 955">
     <span class='ocr_line' id='line_1_10' title="bbox 169 781 1305 823; baseline -0.001 -9"><span class='ocrx_word' id='word_1_40' title='bbox 169 782 198 814; x_wconf 90' lang='grc'>1,</span> <span class='ocrx_word' id='word_1_41' title='bbox 221 781 324 821; x_wconf 88' lang='lat' dir='ltr'>Salve,</span> <span class='ocrx_word' id='word_1_42' title='bbox 350 782 435 813; x_wconf 84' lang='lat' dir='ltr'>vitae</span> <span class='ocrx_word' id='word_1_43' title='bbox 458 781 586 823; x_wconf 85' lang='lat' dir='ltr'>lignum,</span> <span class='ocrx_word' id='word_1_44' title='bbox 838 784 869 814; x_wconf 86' lang='lat'>2.</span> <span class='ocrx_word' id='word_1_45' title='bbox 895 782 957 814; x_wconf 89' lang='lat' dir='ltr'>Per</span> <span class='ocrx_word' id='word_1_46' title='bbox 980 784 1013 813; x_wconf 90' lang='lat' dir='ltr'>te</span> <span class='ocrx_word' id='word_1_47' title='bbox 1036 790 1120 813; x_wconf 84' lang='lat' dir='ltr'>mors</span> <span class='ocrx_word' id='word_1_48' title='bbox 1146 781 1305 813; x_wconf 79' lang='lat' dir='ltr'>destructa</span> 
     </span>
     <span class='ocr_line' id='line_1_11' title="bbox 224 828 1191 870; baseline 0 -11"><span class='ocrx_word' id='word_1_49' title='bbox 224 828 354 860; x_wconf 76' lang='lat' dir='ltr'>Sacrum</span> <span class='ocrx_word' id='word_1_50' title='bbox 380 828 481 860; x_wconf 81' lang='lat' dir='ltr'>crucis</span> <span class='ocrx_word' id='word_1_51' title='bbox 507 829 637 870; x_wconf 81' lang='lat' dir='ltr'>signum,</span> <span class='ocrx_word' id='word_1_52' title='bbox 894 828 938 860; x_wconf 87' lang='lat' dir='ltr'>Et</span> <span class='ocrx_word' id='word_1_53' title='bbox 964 829 1028 860; x_wconf 88' lang='lat' dir='ltr'>vita</span> <span class='ocrx_word' id='word_1_54' title='bbox 1051 829 1191 868; x_wconf 83' lang='lat' dir='ltr'>reducta,</span> 
     </span>
     <span class='ocr_line' id='line_1_12' title="bbox 225 875 1384 915; baseline 0.001 -9"><span class='ocrx_word' id='word_1_55' title='bbox 225 875 328 914; x_wconf 77' lang='lat' dir='ltr'>Salve,</span> <span class='ocrx_word' id='word_1_56' title='bbox 355 878 463 906; x_wconf 80' lang='lat' dir='ltr'>noster</span> <span class='ocrx_word' id='word_1_57' title='bbox 487 875 596 915; x_wconf 86' lang='lat' dir='ltr'>honor,</span> <span class='ocrx_word' id='word_1_58' title='bbox 894 877 957 908; x_wconf 86' lang='lat' dir='ltr'>Per</span> <span class='ocrx_word' id='word_1_59' title='bbox 979 878 1012 906; x_wconf 86' lang='lat' dir='ltr'>te</span> <span class='ocrx_word' id='word_1_60' title='bbox 1034 884 1091 906; x_wconf 88' lang='lat' dir='ltr'>nos</span> <span class='ocrx_word' id='word_1_61' title='bbox 1115 875 1217 907; x_wconf 80' lang='lat' dir='ltr'>salvet</span> <span class='ocrx_word' id='word_1_62' title='bbox 1241 875 1384 907; x_wconf 83' lang='lat' dir='ltr'>Christus</span> 
     </span>
     <span class='ocr_line' id='line_1_13' title="bbox 224 920 1249 955; baseline 0.002 -2"><span class='ocrx_word' id='word_1_63' title='bbox 224 921 339 953; x_wconf 84' lang='lat' dir='ltr'>Mortis</span> <span class='ocrx_word' id='word_1_64' title='bbox 365 922 472 953; x_wconf 88' lang='lat' dir='ltr'>delens</span> <span class='ocrx_word' id='word_1_65' title='bbox 498 930 584 953; x_wconf 87' lang='lat' dir='ltr'>onus.</span> <span class='ocrx_word' id='word_1_66' title='bbox 896 922 1022 955; x_wconf 89' lang='lat' dir='ltr'><strong>Dudum</strong></span> <span class='ocrx_word' id='word_1_67' title='bbox 1049 922 1082 953; x_wconf 89' lang='lat' dir='ltr'>in</span> <span class='ocrx_word' id='word_1_68' title='bbox 1105 925 1138 953; x_wconf 86' lang='lat' dir='ltr'>te</span> <span class='ocrx_word' id='word_1_69' title='bbox 1159 920 1249 955; x_wconf 83' lang='lat' dir='ltr'>fixus.</span> 
     </span>
    </p>
   </div>
   <div class='ocr_carea' id='block_1_7' title="bbox 163 992 1455 1181">
    <p class='ocr_par' dir='ltr' id='par_1_7' title="bbox 163 992 1455 1181">
     <span class='ocr_line' id='line_1_14' title="bbox 240 992 1454 1031; baseline 0 -9"><span class='ocrx_word' id='word_1_70' title='bbox 240 996 325 1023; x_wconf 78' lang='lat' dir='ltr'>Brev.</span> <span class='ocrx_word' id='word_1_71' title='bbox 338 994 510 1031; x_wconf 77' lang='lat' dir='ltr'>Urgellense</span> <span class='ocrx_word' id='word_1_72' title='bbox 523 997 592 1030; x_wconf 80' lang='lat' dir='ltr'>imp.</span> <span class='ocrx_word' id='word_1_73' title='bbox 602 996 736 1022; x_wconf 81' lang='lat' dir='ltr'>Venetiis</span> <span class='ocrx_word' id='word_1_74' title='bbox 751 992 832 1023; x_wconf 79' lang='grc'>1487.</span> <span class='ocrx_word' id='word_1_75' title='bbox 843 995 876 1022; x_wconf 82' lang='lat' dir='ltr'>A.</span> <span class='ocrx_word' id='word_1_76' title='bbox 890 1009 925 1014; x_wconf 88' lang='lat'>-</span> <span class='ocrx_word' id='word_1_77' title='bbox 940 995 1024 1022; x_wconf 76' lang='lat' dir='ltr'>Brev.</span> <span class='ocrx_word' id='word_1_78' title='bbox 1036 995 1225 1029; x_wconf 74' lang='lat' dir='ltr'>Majoricense</span> <span class='ocrx_word' id='word_1_79' title='bbox 1239 996 1309 1029; x_wconf 81' lang='lat' dir='ltr'>imp.</span> <span class='ocrx_word' id='word_1_80' title='bbox 1322 996 1454 1023; x_wconf 69' lang='lat' dir='ltr'>Venetiis</span> 
     </span>
     <span class='ocr_line' id='line_1_15' title="bbox 168 1031 1454 1068; baseline 0.001 -9"><span class='ocrx_word' id='word_1_81' title='bbox 168 1031 248 1060; x_wconf 86' lang='lat'>1506.</span> <span class='ocrx_word' id='word_1_82' title='bbox 272 1033 306 1060; x_wconf 92' lang='lat' dir='ltr'>B.</span> <span class='ocrx_word' id='word_1_83' title='bbox 332 1047 369 1050; x_wconf 97' lang='lat'><strong>—</strong></span> <span class='ocrx_word' id='word_1_84' title='bbox 393 1034 476 1060; x_wconf 81' lang='lat' dir='ltr'>Brev.</span> <span class='ocrx_word' id='word_1_85' title='bbox 504 1032 678 1060; x_wconf 84' lang='lat' dir='ltr'>Celsonense</span> <span class='ocrx_word' id='word_1_86' title='bbox 699 1034 767 1068; x_wconf 87' lang='lat' dir='ltr'><strong>imp.</strong></span> <span class='ocrx_word' id='word_1_87' title='bbox 794 1031 1041 1068; x_wconf 61' lang='lat' dir='ltr'>Caesaraugustae</span> <span class='ocrx_word' id='word_1_88' title='bbox 1067 1031 1148 1060; x_wconf 83' lang='lat'>1514.</span> <span class='ocrx_word' id='word_1_89' title='bbox 1177 1032 1206 1059; x_wconf 82' lang='lat' dir='ltr'>G.</span> <span class='ocrx_word' id='word_1_90' title='bbox 1235 1048 1271 1052; x_wconf 97' lang='lat'><strong>—</strong></span> <span class='ocrx_word' id='word_1_91' title='bbox 1298 1033 1356 1060; x_wconf 82' lang='lat' dir='ltr'>Der</span> <span class='ocrx_word' id='word_1_92' title='bbox 1380 1042 1399 1060; x_wconf 85' lang='lat' dir='ltr'>v</span> <span class='ocrx_word' id='word_1_93' title='bbox 1418 1033 1454 1060; x_wconf 86' lang='lat'>11-</span> 
     </span>
     <span class='ocr_line' id='line_1_16' title="bbox 164 1067 1455 1105; baseline 0 -8"><span class='ocrx_word' id='word_1_94' title='bbox 164 1070 297 1105; x_wconf 75' lang='lat' dir='ltr'>standjge</span> <span class='ocrx_word' id='word_1_95' title='bbox 321 1071 397 1097; x_wconf 82' lang='lat' dir='ltr'>Text</span> <span class='ocrx_word' id='word_1_96' title='bbox 420 1071 470 1097; x_wconf 86' lang='lat' dir='ltr'>des</span> <span class='ocrx_word' id='word_1_97' title='bbox 495 1070 600 1098; x_wconf 83' lang='lat' dir='ltr'>Liedes</span> <span class='ocrx_word' id='word_1_98' title='bbox 625 1070 715 1097; x_wconf 85' lang='lat' dir='ltr'>findet</span> <span class='ocrx_word' id='word_1_99' title='bbox 741 1071 801 1097; x_wconf 81' lang='lat' dir='ltr'>sich</span> <span class='ocrx_word' id='word_1_100' title='bbox 828 1070 919 1098; x_wconf 80' lang='lat' dir='ltr'>sehon</span> <span class='ocrx_word' id='word_1_101' title='bbox 942 1070 1024 1097; x_wconf 85' lang='lat' dir='ltr'>Anal.</span> <span class='ocrx_word' id='word_1_102' title='bbox 1052 1070 1109 1102; x_wconf 75' lang='lat' dir='ltr'>XI,</span> <span class='ocrx_word' id='word_1_103' title='bbox 1135 1067 1181 1097; x_wconf 81' lang='lat'>23.</span> <span class='ocrx_word' id='word_1_104' title='bbox 1210 1084 1248 1089; x_wconf 90' lang='lat'>—</span> <span class='ocrx_word' id='word_1_105' title='bbox 1274 1067 1302 1103; x_wconf 79' lang='grc'>1,</span> <span class='ocrx_word' id='word_1_106' title='bbox 1328 1069 1345 1096; x_wconf 81' lang='grc'><strong><em>2</em></strong></span> <span class='ocrx_word' id='word_1_107' title='bbox 1387 1070 1455 1104; x_wconf 80' lang='lat' dir='ltr'>ujus</span> 
     </span>
     <span class='ocr_line' id='line_1_17' title="bbox 163 1104 1455 1143; baseline 0.001 -9"><span class='ocrx_word' id='word_1_108' title='bbox 163 1109 279 1143; x_wconf 83' lang='lat' dir='ltr'>signum</span> <span class='ocrx_word' id='word_1_109' title='bbox 302 1107 336 1135; x_wconf 84' lang='lat' dir='ltr'>A.</span> <span class='ocrx_word' id='word_1_110' title='bbox 361 1122 398 1126; x_wconf 89' lang='lat'><strong>—</strong></span> <span class='ocrx_word' id='word_1_111' title='bbox 427 1106 455 1140; x_wconf 87' lang='lat'>1,</span> <span class='ocrx_word' id='word_1_112' title='bbox 480 1106 500 1135; x_wconf 89' lang='grc'>4</span> <span class='ocrx_word' id='word_1_113' title='bbox 522 1109 617 1135; x_wconf 84' lang='lat' dir='ltr'>Morte</span> <span class='ocrx_word' id='word_1_114' title='bbox 641 1108 738 1135; x_wconf 75' lang='lat' dir='ltr'>delens</span> <span class='ocrx_word' id='word_1_115' title='bbox 763 1108 798 1134; x_wconf 82' lang='lat' dir='ltr'>A.</span> <span class='ocrx_word' id='word_1_116' title='bbox 822 1123 860 1127; x_wconf 82' lang='lat'>-—</span> <span class='ocrx_word' id='word_1_117' title='bbox 886 1106 917 1141; x_wconf 83' lang='lat'>2,</span> <span class='ocrx_word' id='word_1_118' title='bbox 941 1104 959 1134; x_wconf 87' lang='lat'><strong>3</strong></span> <span class='ocrx_word' id='word_1_119' title='bbox 984 1108 1078 1135; x_wconf 81' lang='lat' dir='ltr'>salvet</span> <span class='ocrx_word' id='word_1_120' title='bbox 1101 1116 1153 1135; x_wconf 86' lang='lat' dir='ltr'>nos</span> <span class='ocrx_word' id='word_1_121' title='bbox 1178 1108 1212 1134; x_wconf 87' lang='lat' dir='ltr'>A.</span> <span class='ocrx_word' id='word_1_122' title='bbox 1233 1124 1269 1127; x_wconf 97' lang='lat'><strong>—</strong></span> <span class='ocrx_word' id='word_1_123' title='bbox 1289 1105 1318 1135; x_wconf 82' lang='lat'>3-</span> <span class='ocrx_word' id='word_1_124' title='bbox 1346 1106 1363 1134; x_wconf 81' lang='grc'>2</span> <span class='ocrx_word' id='word_1_125' title='bbox 1383 1107 1455 1142; x_wconf 76' lang='lat' dir='ltr'>Ejus</span> 
     </span>
     <span class='ocr_line' id='line_1_18' title="bbox 165 1144 1161 1181; baseline 0 -10"><span class='ocrx_word' id='word_1_126' title='bbox 165 1148 252 1180; x_wconf 85' lang='lat' dir='ltr'>atque</span> <span class='ocrx_word' id='word_1_127' title='bbox 273 1145 307 1172; x_wconf 89' lang='lat' dir='ltr'>A.</span> <span class='ocrx_word' id='word_1_128' title='bbox 327 1161 365 1165; x_wconf 90' lang='lat'><strong>—</strong></span> <span class='ocrx_word' id='word_1_129' title='bbox 386 1146 444 1173; x_wconf 82' lang='lat' dir='ltr'>Die</span> <span class='ocrx_word' id='word_1_130' title='bbox 464 1153 556 1180; x_wconf 80' lang='lat' dir='ltr'>ganze</span> <span class='ocrx_word' id='word_1_131' title='bbox 574 1145 739 1181; x_wconf 85' lang='lat' dir='ltr'>Doxologie</span> <span class='ocrx_word' id='word_1_132' title='bbox 757 1146 851 1172; x_wconf 79' lang='lat' dir='ltr'>lautet</span> <span class='ocrx_word' id='word_1_133' title='bbox 869 1146 901 1172; x_wconf 86' lang='lat' dir='ltr'>in</span> <span class='ocrx_word' id='word_1_134' title='bbox 922 1144 944 1171; x_wconf 85' lang='lat' dir='ltr'>C</span> <span class='ocrx_word' id='word_1_135' title='bbox 964 1145 1161 1172; x_wconf 80' lang='lat' dir='ltr'>abweiehend:</span> 
     </span>
    </p>
   </div>
   <div class='ocr_carea' id='block_1_8' title="bbox 650 1201 995 1349">
    <p class='ocr_par' dir='ltr' id='par_1_8' title="bbox 650 1201 995 1349">
     <span class='ocr_line' id='line_1_19' title="bbox 651 1201 968 1237; baseline -0.006 -8"><span class='ocrx_word' id='word_1_136' title='bbox 651 1202 698 1229; x_wconf 76' lang='lat' dir='ltr'>Sit</span> <span class='ocrx_word' id='word_1_137' title='bbox 715 1201 780 1229; x_wconf 83' lang='lat' dir='ltr'>laus</span> <span class='ocrx_word' id='word_1_138' title='bbox 801 1202 862 1228; x_wconf 89' lang='lat' dir='ltr'>Deo</span> <span class='ocrx_word' id='word_1_139' title='bbox 883 1202 968 1237; x_wconf 79' lang='lat' dir='ltr'>patri,</span> 
     </span>
     <span class='ocr_line' id='line_1_20' title="bbox 650 1238 966 1272; baseline -0.006 -5"><span class='ocrx_word' id='word_1_140' title='bbox 650 1240 730 1267; x_wconf 84' lang='lat' dir='ltr'>Laus</span> <span class='ocrx_word' id='word_1_141' title='bbox 749 1241 782 1266; x_wconf 84' lang='lat' dir='ltr'>in</span> <span class='ocrx_word' id='word_1_142' title='bbox 802 1247 885 1266; x_wconf 75' lang='lat' dir='ltr'>eruce</span> <span class='ocrx_word' id='word_1_143' title='bbox 902 1238 966 1272; x_wconf 83' lang='lat' dir='ltr'>filii,</span> 
     </span>
     <span class='ocr_line' id='line_1_21' title="bbox 652 1277 895 1313; baseline 0 -10"><span class='ocrx_word' id='word_1_144' title='bbox 652 1277 776 1313; x_wconf 84' lang='lat' dir='ltr'>Spiritui</span> <span class='ocrx_word' id='word_1_145' title='bbox 796 1279 895 1304; x_wconf 82' lang='lat' dir='ltr'>saneto</span> 
     </span>
     <span class='ocr_line' id='line_1_22' title="bbox 651 1311 995 1349; baseline -0.009 -7"><span class='ocrx_word' id='word_1_146' title='bbox 651 1315 757 1342; x_wconf 80' lang='lat' dir='ltr'>Trinus</span> <span class='ocrx_word' id='word_1_147' title='bbox 778 1316 807 1341; x_wconf 80' lang='lat' dir='ltr'>et</span> <span class='ocrx_word' id='word_1_148' title='bbox 825 1323 899 1342; x_wconf 84' lang='lat' dir='ltr'>unus</span> <span class='ocrx_word' id='word_1_149' title='bbox 920 1311 995 1349; x_wconf 85' lang='lat' dir='ltr'>[sie].</span> 
     </span>
    </p>
   </div>
   <div class='ocr_carea' id='block_1_9' title="bbox 510 1460 1111 1500">
    <p class='ocr_par' dir='ltr' id='par_1_9' title="bbox 510 1460 1111 1500">
     <span class='ocr_line' id='line_1_23' title="bbox 510 1460 1111 1500; baseline 0 -9"><span class='ocrx_word' id='word_1_150' title='bbox 510 1461 556 1491; x_wconf 86' lang='lat'>21.</span> <span class='ocrx_word' id='word_1_151' title='bbox 595 1461 638 1491; x_wconf 84' lang='lat' dir='ltr'>De</span> <span class='ocrx_word' id='word_1_152' title='bbox 658 1460 801 1492; x_wconf 84' lang='lat' dir='ltr'>Passione</span> <span class='ocrx_word' id='word_1_153' title='bbox 820 1460 969 1500; x_wconf 81' lang='lat' dir='ltr'>Imaginis</span> <span class='ocrx_word' id='word_1_154' title='bbox 990 1460 1111 1492; x_wconf 78' lang='lat' dir='ltr'>Christi.</span> 
     </span>
    </p>
   </div>
   <div class='ocr_carea' id='block_1_10' title="bbox 697 1553 914 1591">
    <p class='ocr_par' dir='ltr' id='par_1_10' title="bbox 697 1553 914 1591">
     <span class='ocr_line' id='line_1_24' title="bbox 697 1553 914 1591; baseline -0.005 -8"><span class='ocrx_word' id='word_1_155' title='bbox 697 1553 745 1583; x_wconf 85' lang='lat' dir='ltr'>Ad</span> <span class='ocrx_word' id='word_1_156' title='bbox 760 1554 914 1591; x_wconf 85' lang='lat' dir='ltr'>Vesperas.</span> 
     </span>
    </p>
   </div>
   <div class='ocr_carea' id='block_1_11' title="bbox 165 1650 1434 2249">
    <p class='ocr_par' dir='ltr' id='par_1_11' title="bbox 168 1650 1434 1927">
     <span class='ocr_line' id='line_1_25' title="bbox 168 1650 1366 1692; baseline -0.001 -8"><span class='ocrx_word' id='word_1_157' title='bbox 168 1652 198 1684; x_wconf 85' lang='lat'>1.</span> <span class='ocrx_word' id='word_1_158' title='bbox 225 1650 292 1682; x_wconf 83' lang='lat' dir='ltr'>Nos</span> <span class='ocrx_word' id='word_1_159' title='bbox 315 1650 417 1690; x_wconf 84' lang='lat' dir='ltr'>imago</span> <span class='ocrx_word' id='word_1_160' title='bbox 441 1651 593 1682; x_wconf 79' lang='lat' dir='ltr'>trinitatis</span> <span class='ocrx_word' id='word_1_161' title='bbox 843 1653 874 1685; x_wconf 83' lang='lat'>3.</span> <span class='ocrx_word' id='word_1_162' title='bbox 900 1650 959 1683; x_wconf 91' lang='lat' dir='ltr'>Tui</span> <span class='ocrx_word' id='word_1_163' title='bbox 984 1659 1097 1689; x_wconf 86' lang='lat' dir='ltr'>sumus,</span> <span class='ocrx_word' id='word_1_164' title='bbox 1124 1654 1211 1682; x_wconf 87' lang='lat' dir='ltr'>tuum</span> <span class='ocrx_word' id='word_1_165' title='bbox 1235 1652 1366 1692; x_wconf 81' lang='lat' dir='ltr'>plasma,</span> 
     </span>
     <span class='ocr_line' id='line_1_26' title="bbox 271 1696 1301 1736; baseline 0 -7"><span class='ocrx_word' id='word_1_166' title='bbox 271 1706 455 1729; x_wconf 85' lang='lat' dir='ltr'>veneremur</span> <span class='ocrx_word' id='word_1_167' title='bbox 478 1696 587 1736; x_wconf 80' lang='lat' dir='ltr'>filium,</span> <span class='ocrx_word' id='word_1_168' title='bbox 946 1700 981 1728; x_wconf 89' lang='lat' dir='ltr'>tu</span> <span class='ocrx_word' id='word_1_169' title='bbox 1004 1696 1142 1729; x_wconf 78' lang='lat' dir='ltr'>reforma</span> <span class='ocrx_word' id='word_1_170' title='bbox 1164 1698 1301 1736; x_wconf 77' lang='lat' dir='ltr'>perdita=</span> 
     </span>
     <span class='ocr_line' id='line_1_27' title="bbox 225 1744 1399 1784; baseline 0.002 -9"><span class='ocrx_word' id='word_1_171' title='bbox 225 1744 283 1783; x_wconf 79' lang='lat' dir='ltr'>Qui</span> <span class='ocrx_word' id='word_1_172' title='bbox 306 1745 408 1784; x_wconf 77' lang='lat' dir='ltr'>imago</span> <span class='ocrx_word' id='word_1_173' title='bbox 433 1744 493 1777; x_wconf 90' lang='lat' dir='ltr'>Dei</span> <span class='ocrx_word' id='word_1_174' title='bbox 517 1744 617 1783; x_wconf 84' lang='lat' dir='ltr'>patris</span> <span class='ocrx_word' id='word_1_175' title='bbox 900 1745 1003 1777; x_wconf 82' lang='lat' dir='ltr'>Renes</span> <span class='ocrx_word' id='word_1_176' title='bbox 1026 1747 1149 1776; x_wconf 86' lang='lat' dir='ltr'>nostros</span> <span class='ocrx_word' id='word_1_177' title='bbox 1175 1745 1226 1783; x_wconf 88' lang='lat' dir='ltr'>qui</span> <span class='ocrx_word' id='word_1_178' title='bbox 1250 1746 1399 1777; x_wconf 83' lang='lat' dir='ltr'>scrutaris</span> 
     </span>
     <span class='ocr_line' id='line_1_28' title="bbox 272 1791 1326 1832; baseline -0.002 -8"><span class='ocrx_word' id='word_1_179' title='bbox 272 1791 383 1824; x_wconf 88' lang='lat' dir='ltr'>mortis</span> <span class='ocrx_word' id='word_1_180' title='bbox 403 1791 477 1823; x_wconf 85' lang='lat' dir='ltr'>tulit</span> <span class='ocrx_word' id='word_1_181' title='bbox 501 1791 649 1832; x_wconf 89' lang='lat' dir='ltr'>taedium,</span> <span class='ocrx_word' id='word_1_182' title='bbox 948 1795 979 1822; x_wconf 84' lang='lat' dir='ltr'>et</span> <span class='ocrx_word' id='word_1_183' title='bbox 1004 1791 1107 1823; x_wconf 86' lang='lat' dir='ltr'>cordis</span> <span class='ocrx_word' id='word_1_184' title='bbox 1132 1792 1326 1831; x_wconf 78' lang='lat' dir='ltr'>abscondita,</span> 
     </span>
     <span class='ocr_line' id='line_1_29' title="bbox 226 1838 1434 1878; baseline 0.002 -8"><span class='ocrx_word' id='word_1_185' title='bbox 226 1839 295 1877; x_wconf 73' lang='lat' dir='ltr'>Qua</span> <span class='ocrx_word' id='word_1_186' title='bbox 318 1838 477 1878; x_wconf 76' lang='lat' dir='ltr'>redempti</span> <span class='ocrx_word' id='word_1_187' title='bbox 501 1838 668 1878; x_wconf 85' lang='lat' dir='ltr'>pravitatis</span> <span class='ocrx_word' id='word_1_188' title='bbox 899 1839 1078 1871; x_wconf 81' lang='lat' dir='ltr'>Praemium</span> <span class='ocrx_word' id='word_1_189' title='bbox 1101 1840 1134 1869; x_wconf 89' lang='lat' dir='ltr'>te</span> <span class='ocrx_word' id='word_1_190' title='bbox 1157 1842 1295 1870; x_wconf 85' lang='lat' dir='ltr'>nostrum</span> <span class='ocrx_word' id='word_1_191' title='bbox 1321 1840 1434 1872; x_wconf 85' lang='lat' dir='ltr'>seimus</span> 
     </span>
     <span class='ocr_line' id='line_1_30' title="bbox 272 1885 1273 1927; baseline 0 -8"><span class='ocrx_word' id='word_1_192' title='bbox 272 1886 423 1927; x_wconf 85' lang='lat' dir='ltr'>Fugimus</span> <span class='ocrx_word' id='word_1_193' title='bbox 450 1886 603 1918; x_wconf 85' lang='lat' dir='ltr'>exsilium.</span> <span class='ocrx_word' id='word_1_194' title='bbox 942 1885 1027 1917; x_wconf 85' lang='lat' dir='ltr'>intra</span> <span class='ocrx_word' id='word_1_195' title='bbox 1053 1886 1131 1917; x_wconf 86' lang='lat' dir='ltr'>coeli</span> <span class='ocrx_word' id='word_1_196' title='bbox 1154 1885 1273 1919; x_wconf 82' lang='lat' dir='ltr'>abdita.</span> 
     </span>
    </p>

    <p class='ocr_par' dir='ltr' id='par_1_12' title="bbox 165 1970 1342 2106">
     <span class='ocr_line' id='line_1_31' title="bbox 165 1970 1341 2013; baseline -0.001 -9"><span class='ocrx_word' id='word_1_197' title='bbox 165 1975 196 2005; x_wconf 87' lang='lat'>2.</span> <span class='ocrx_word' id='word_1_198' title='bbox 223 1971 320 2003; x_wconf 83' lang='lat' dir='ltr'>Salva</span> <span class='ocrx_word' id='word_1_199' title='bbox 342 1980 410 2013; x_wconf 87' lang='lat' dir='ltr'>nos,</span> <span class='ocrx_word' id='word_1_200' title='bbox 438 1970 564 2003; x_wconf 77' lang='lat' dir='ltr'>Christe</span> <span class='ocrx_word' id='word_1_201' title='bbox 585 1971 734 2013; x_wconf 77' lang='lat' dir='ltr'>salvator,</span> <span class='ocrx_word' id='word_1_202' title='bbox 840 1973 872 2003; x_wconf 83' lang='lat'>4.</span> <span class='ocrx_word' id='word_1_203' title='bbox 899 1972 1000 2003; x_wconf 84' lang='lat' dir='ltr'>Tuum</span> <span class='ocrx_word' id='word_1_204' title='bbox 1025 1974 1082 2011; x_wconf 84' lang='lat' dir='ltr'>est,</span> <span class='ocrx_word' id='word_1_205' title='bbox 1108 1980 1126 2003; x_wconf 94' lang='lat' dir='ltr'>o</span> <span class='ocrx_word' id='word_1_206' title='bbox 1151 1970 1227 2004; x_wconf 84' lang='lat' dir='ltr'>Jesu</span> <span class='ocrx_word' id='word_1_207' title='bbox 1251 1972 1341 2007; x_wconf 74' lang='lat' dir='ltr'>bone,</span> 
     </span>
     <span class='ocr_line' id='line_1_32' title="bbox 269 2018 1317 2059; baseline -0.001 -7"><span class='ocrx_word' id='word_1_208' title='bbox 269 2019 388 2052; x_wconf 79' lang='lat' dir='ltr'>virtute</span> <span class='ocrx_word' id='word_1_209' title='bbox 411 2018 553 2059; x_wconf 84' lang='lat' dir='ltr'>mirifica,</span> <span class='ocrx_word' id='word_1_210' title='bbox 945 2019 1069 2051; x_wconf 85' lang='lat' dir='ltr'>salvare</span> <span class='ocrx_word' id='word_1_211' title='bbox 1092 2027 1150 2058; x_wconf 85' lang='lat' dir='ltr'>per</span> <span class='ocrx_word' id='word_1_212' title='bbox 1173 2020 1317 2059; x_wconf 80' lang='lat' dir='ltr'>gratiam,</span> 
     </span>
     <span class='ocr_line' id='line_1_33' title="bbox 221 2066 1342 2106; baseline -0.001 -8"><span class='ocrx_word' id='word_1_213' title='bbox 221 2066 305 2105; x_wconf 78' lang='lat' dir='ltr'>Quos</span> <span class='ocrx_word' id='word_1_214' title='bbox 330 2067 446 2098; x_wconf 79' lang='lat' dir='ltr'>creasti</span> <span class='ocrx_word' id='word_1_215' title='bbox 470 2066 555 2098; x_wconf 85' lang='lat' dir='ltr'>orbis</span> <span class='ocrx_word' id='word_1_216' title='bbox 580 2068 701 2106; x_wconf 81' lang='lat' dir='ltr'>auctor,</span> <span class='ocrx_word' id='word_1_217' title='bbox 899 2066 958 2105; x_wconf 71' lang='lat' dir='ltr'>Qui</span> <span class='ocrx_word' id='word_1_218' title='bbox 981 2066 1092 2097; x_wconf 82' lang='lat' dir='ltr'>salutis</span> <span class='ocrx_word' id='word_1_219' title='bbox 1118 2069 1206 2098; x_wconf 85' lang='lat' dir='ltr'>tenes</span> <span class='ocrx_word' id='word_1_220' title='bbox 1230 2075 1342 2099; x_wconf 85' lang='lat' dir='ltr'>nomen</span> 
     </span>
    </p>

    <p class='ocr_par' dir='ltr' id='par_1_13' title="bbox 222 2113 1423 2249">
     <span class='ocr_line' id='line_1_34' title="bbox 267 2113 1423 2154; baseline 0.001 -9"><span class='ocrx_word' id='word_1_221' title='bbox 267 2116 302 2145; x_wconf 84' lang='lat' dir='ltr'>ut</span> <span class='ocrx_word' id='word_1_222' title='bbox 326 2113 396 2153; x_wconf 83' lang='lat' dir='ltr'>lege</span> <span class='ocrx_word' id='word_1_223' title='bbox 419 2114 550 2154; x_wconf 80' lang='lat' dir='ltr'>politica</span> <span class='ocrx_word' id='word_1_224' title='bbox 944 2122 1002 2153; x_wconf 86' lang='lat' dir='ltr'>per</span> <span class='ocrx_word' id='word_1_225' title='bbox 1025 2114 1215 2145; x_wconf 80' lang='lat' dir='ltr'>mundanam</span> <span class='ocrx_word' id='word_1_226' title='bbox 1238 2114 1423 2154; x_wconf 77' lang='lat' dir='ltr'>machinam,</span> 
     </span>
     <span class='ocr_line' id='line_1_35' title="bbox 222 2160 1408 2202; baseline 0 -9"><span class='ocrx_word' id='word_1_227' title='bbox 222 2161 430 2194; x_wconf 83' lang='lat' dir='ltr'>Convivamus</span> <span class='ocrx_word' id='word_1_228' title='bbox 456 2162 674 2201; x_wconf 76' lang='lat' dir='ltr'>exspectantes</span> <span class='ocrx_word' id='word_1_229' title='bbox 897 2160 930 2193; x_wconf 87' lang='lat' dir='ltr'>Si</span> <span class='ocrx_word' id='word_1_230' title='bbox 955 2170 1016 2192; x_wconf 88' lang='lat' dir='ltr'>non</span> <span class='ocrx_word' id='word_1_231' title='bbox 1038 2161 1142 2192; x_wconf 84' lang='lat' dir='ltr'>salvas</span> <span class='ocrx_word' id='word_1_232' title='bbox 1166 2169 1234 2201; x_wconf 84' lang='lat' dir='ltr'>nos,</span> <span class='ocrx_word' id='word_1_233' title='bbox 1259 2162 1408 2202; x_wconf 85' lang='lat' dir='ltr'>perimus,</span> 
     </span>
     <span class='ocr_line' id='line_1_36' title="bbox 263 2208 1322 2249; baseline 0.001 -9"><span class='ocrx_word' id='word_1_234' title='bbox 263 2217 395 2242; x_wconf 84' lang='lat' dir='ltr'>munera</span> <span class='ocrx_word' id='word_1_235' title='bbox 417 2208 592 2249; x_wconf 81' lang='lat' dir='ltr'>magnifica.</span> <span class='ocrx_word' id='word_1_236' title='bbox 943 2210 979 2239; x_wconf 79' lang='lat' dir='ltr'>ut</span> <span class='ocrx_word' id='word_1_237' title='bbox 1003 2216 1163 2248; x_wconf 86' lang='lat' dir='ltr'>speramus</span> <span class='ocrx_word' id='word_1_238' title='bbox 1188 2209 1322 2241; x_wconf 82' lang='lat' dir='ltr'>veniam.</span> 
     </span>
    </p>
   </div>
   <div class='ocr_carea' id='block_1_12' title="bbox 237 2282 1199 2387">
    <p class='ocr_par' dir='ltr' id='par_1_14' title="bbox 237 2282 1199 2387">
     <span class='ocr_line' id='line_1_37' title="bbox 614 2282 1006 2317; baseline -0.003 0"><span class='ocrx_word' id='word_1_239' title='bbox 614 2283 724 2317; x_wconf 79' lang='lat' dir='ltr'>Gloria</span> <span class='ocrx_word' id='word_1_240' title='bbox 749 2286 781 2315; x_wconf 87' lang='lat' dir='ltr'>et</span> <span class='ocrx_word' id='word_1_241' title='bbox 803 2282 904 2315; x_wconf 88' lang='lat' dir='ltr'>honor</span> <span class='ocrx_word' id='word_1_242' title='bbox 927 2282 1006 2316; x_wconf 89' lang='lat' dir='ltr'>Deo.</span> 
     </span>
     <span class='ocr_line' id='line_1_38' title="bbox 237 2346 1199 2387; baseline 0 -10"><span class='ocrx_word' id='word_1_243' title='bbox 237 2350 322 2378; x_wconf 77' lang='lat' dir='ltr'>Brev.</span> <span class='ocrx_word' id='word_1_244' title='bbox 344 2350 597 2387; x_wconf 81' lang='lat' dir='ltr'>Calagurritanum</span> <span class='ocrx_word' id='word_1_245' title='bbox 617 2353 646 2377; x_wconf 84' lang='lat' dir='ltr'>et</span> <span class='ocrx_word' id='word_1_246' title='bbox 666 2349 847 2378; x_wconf 79' lang='lat' dir='ltr'>Calciatense</span> <span class='ocrx_word' id='word_1_247' title='bbox 866 2350 934 2385; x_wconf 78' lang='lat' dir='ltr'>imp.</span> <span class='ocrx_word' id='word_1_248' title='bbox 957 2349 1097 2377; x_wconf 84' lang='lat' dir='ltr'>Lueronii</span> <span class='ocrx_word' id='word_1_249' title='bbox 1119 2346 1199 2377; x_wconf 83' lang='lat'>1543.</span> 
     </span>
    </p>
   </div>
  </div>
 </body>
</html>
