1651 2518
723 119 978 157 —153-

632 241 697 273 256.
735 242 779 272 De
800 243 905 274 sancto
925 242 1086 274 Honorato.

741 318 789 347 Ad
807 318 960 356 Vesperas.

206 394 237 425 1.
264 392 416 426 Coelestis
441 404 502 428 vox
524 395 657 427 miiitiae
883 398 914 431 3,
938 396 1001 429 Hic
1023 397 1057 428 in
1080 395 1246 437 profundis
1270 395 1409 427 tenebris

266 439 442 480 Concrcpet
463 442 497 474 in
522 443 653 480 laetitia,
940 444 1044 476 Patris
1070 452 1209 475 errorum
1233 444 1365 483 genitus,

265 488 342 520 Cum
366 488 548 521 Honoratus
573 490 667 521 hodie
937 491 1019 523 Fide
1045 490 1161 523 Christi
1184 490 1218 523 fit
1245 490 1378 522 celebris

268 535 450 567 Honoratur
473 536 507 567 in
532 537 640 576 gloria.
938 538 988 570 Ex
1013 538 1061 569 his
1087 537 1216 569 eductus
1243 538 1382 569 coelitus.

208 621 239 651 2.
267 619 398 652 Terreni
423 622 506 661 regis
530 620 613 653 filius
881 624 914 655 4.
939 622 1055 663 Genus,
1081 631 1156 661 opes
1182 625 1213 654 et
1235 623 1371 661 patriam

263 666 379 706 Regem
407 669 573 700 coelestem
598 669 748 709 sequitur,
938 669 1096 709 Linquens
1122 677 1242 709 pauper
1267 668 1412 709 efficitur,

262 712 364 753 Regni
394 722 519 754 compos
542 716 681 755 alterius,
937 715 1100 749 Profectus
1124 717 1157 748 in
1180 716 1304 749 Italiam

264 759 360 799 Cujus
386 769 463 800 opus
489 763 677 802 exsequitur.
941 763 1038 795 Sacro
1063 764 1149 796 fonte
1173 764 1354 795 renascitur.

574 830 604 860 5.
632 825 680 858 Sit
701 828 784 867 patri
811 829 879 860 laus
905 831 936 859 et
959 828 1024 860 filio

630 874 852 914 Paraciitoque
875 876 1006 916 pariter,

630 921 691 953 Per
716 930 807 961 quem
831 925 943 961 regnat
966 923 998 954 in
1023 922 1101 953 solio

630 967 810 1000 Honoratus
835 968 979 1000 feliciter.

279 1041 361 1068 Brev.
394 1041 587 1076 Mnjorieense
617 1041 687 1077 imp.
715 1041 847 1069 Venetiis
882 1041 962 1070 1506.
992 1043 1026 1070 A.
1056 1058 1094 1062 -—
1124 1043 1205 1070 Brev.
1236 1042 1393 1077 Sigonense
1426 1046 1494 1079 imp.

203 1079 453 1115 Caesaraugustae
475 1077 555 1107 1547.
575 1080 608 1107 B.
629 1095 665 1098 —
685 1077 711 1113 3,
732 1076 749 1106 2
767 1082 899 1115 gemitus.
919 1081 952 1109 A.

203 1381 237 1412 1.

200 1606 231 1637 ΞΩ

620 1225 686 1257 257.
724 1227 767 1257 De
786 1226 892 1258 sancto
914 1227 1079 1258 Honorato.

715 1302 763 1332 Ad
781 1302 969 1333 Nocturnum.

265 1379 385 1420 Gaude,
411 1382 512 1411 mater
537 1379 679 1419 ecclesia,
879 1381 909 1412 3.
936 1381 974 1412 In
998 1380 1156 1412 Lirinensi
1179 1381 1282 1413 insula

259 1426 360 1458 Tanto
386 1425 521 1458 fecunda
546 1425 621 1466 filio,
934 1427 1048 1459 Manus
1074 1427 1200 1459 mittens
1225 1429 1266 1460 ad
1291 1428 1388 1461 fortia

260 1472 356 1512 Cujus
379 1474 466 1505 vitae
488 1474 647 1513 magnalia
936 1473 1001 1506 Sub
1025 1474 1191 1506 Benedicti
1213 1476 1324 1514 reguia

260 1519 352 1552 Claro
377 1523 490 1552 sonant
515 1521 693 1559 praeconio.
935 1520 1051 1553 Sancta
1073 1520 1160 1554 fovet
1183 1522 1341 1562 obsequia.

258 1605 328 1639 Jam
354 1606 387 1637 in
412 1608 516 1637 aetate
539 1611 649 1636 tenera
873 1606 905 1638 4.
933 1605 1097 1644 Subjectos
1122 1609 1215 1645 pater
1237 1606 1365 1640 humilis

257 1652 372 1685 Christi
399 1661 514 1684 vacans
539 1652 697 1692 obsequio,
932 1652 1037 1684 Sacris
1060 1651 1212 1685 informat
1234 1655 1383 1694 moribus,

257 1699 328 1731 Non
352 1700 512 1731 recusavit
535 1708 649 1738 aspera
935 1699 1066 1739 Semper
1087 1701 1119 1732 in
1145 1701 1250 1733 verbis
1275 1702 1378 1733 rutilis

258 1746 349 1779 Cultu
374 1747 516 1787 prOJ'ecto
541 1746 636 1786 regio.
932 1746 976 1778 Et
1001 1747 1103 1778 clarus
1127 1747 1159 1778 in
1185 1749 1342 1788 operibus,

612 1814 642 1845 5.
671 1811 719 1843 Sit
742 1812 827 1852 patri
850 1813 919 1844 laus
945 1815 976 1844 et
998 1811 1074 1845 filio.

276 1888 360 1915 Brev.
375 1887 568 1922 Majorieense
585 1888 653 1923 imp.
667 1887 798 1915 Venetiis
814 1885 895 1915 1506.
908 1887 943 1915 A.
957 1901 994 1907 -ν
1014 1888 1097 1915 Brev.
1112 1887 1269 1925 Sigenense
1283 1891 1351 1927 imp.
1367 1890 1489 1920 Caesar-

199 1928 341 1963 augustae
361 1923 442 1954 1547.
463 1926 496 1953 Β.
517 1940 554 1944 -
574 1923 600 1959 2,
623 1924 637 1953 1
658 1925 733 1953 Nam
753 1925 785 1951 in
805 1927 899 1953 aetate
918 1926 952 1953 A.

197 2232 227 2263 1.

613 2073 679 2105 258.
716 2074 760 2105 Dc
779 2075 885 2105 sancto
906 2073 1068 2106 Honorato.

742 2148 790 2180 Ad
809 2149 935 2180 Laudes.

254 2230 279 2263 O
304 2230 431 2270 praesul
455 2230 649 2263 honorabilis
874 2231 905 2262 2.
930 2230 1119 2271 Assumptus
1143 2232 1175 2263 in
1200 2232 1379 2273 pontificem

252 2279 336 2310 Actu
360 2278 452 2310 simul
478 2281 510 2310 et
532 2279 667 2320 nomine,
929 2278 1043 2310 Manus
1069 2279 1173 2320 egenis
1199 2281 1311 2321 aperit,

249 2325 442 2369 Honoratus,
468 2326 519 2358 vir
542 2325 657 2358 nobilis
929 2326 1030 2358 Porro
1054 2327 1204 2359 virtutum
1228 2329 1349 2368 apicem

251 2373 377 2406 Summo
401 2373 551 2406 virtutum
578 2374 723 2408 culmine.
930 2372 1048 2405 Christi
1071 2384 1180 2407 servus
1200 2385 1263 2409 non
1289 2378 1414 2414 deserit.
