1651 2518
771 129 1024 164 ,155-

686 240 746 273 261.
787 242 830 273 De
849 242 954 273 saneto
975 240 1094 272 Jacobo.

781 318 828 347 Ad
848 317 1001 355 Vesperas.

250 396 268 430 1
275 421 282 429 .
306 396 379 429 Lux
404 396 444 428 de
469 396 564 429 caelis
591 398 654 429 dux
677 396 782 429 fidelis
925 398 955 430 4.
981 396 1018 427 In
1043 396 1218 435 exemplum
1243 394 1362 427 Christi
1384 394 1535 433 templum

355 443 414 476 Est
439 443 576 477 Jacobus
603 444 805 484 credentium,
1029 442 1223 483 Resplendet
1245 441 1276 473 in
1304 441 1473 483 Gallaecia,

306 490 403 529 Quem
430 491 546 523 dotasti
572 494 604 523 et
628 490 748 522 vocasti
983 489 1079 528 Quem
1103 489 1237 521 honorat
1260 491 1292 520 et
1317 489 1446 521 decorat

353 538 542 580 Christe,
584 538 828 576 redemptor
1028 537 1214 568 Aeterna
1239 535 1342 568 coeli
1366 535 1512 575 gloria.

585 594 603 617 o
612 593 643 616 m
651 595 673 616 n
681 594 693 616 1
702 595 722 616 u
729 593 771 617 m.

250 670 281 702 2.
305 669 459 702 Mundum
484 669 606 708 sprevit
629 671 661 700 et
686 669 854 708 complevit
926 669 957 702 5.
983 668 1048 699 Iste
1074 667 1200 708 dignum
1224 667 1320 699 habet
1344 668 1474 708 signum,

356 715 461 749 Corda
485 716 642 756 sequendo
666 715 776 756 filium,
1028 715 1199 755 Apostolus
1225 717 1274 746 est
1296 714 1441 755 Jacobus,

308 763 527 795 Praedicando
554 765 585 794 et
609 763 812 795 monstrando
984 761 1060 794 Cum
1086 771 1200 794 corona
1221 771 1334 802 magna
1355 761 1445 802 dona,

354 809 409 841 Te
445 810 558 841 lucis
595 812 691 842 ante
720 811 866 842 termi-
1027 809 1228 841 Exsultet
1244 810 1397 840 coelum
1413 809 1540 841 laudi-

584 867 606 888 n
614 865 634 887 u
643 866 683 887 m.
1315 856 1335 887 b
1345 865 1366 886 u
1375 865 1400 888 s.

250 941 281 974 3-
310 940 434 973 Christo
459 940 548 980 vixit,
573 943 710 972 mentem
734 939 804 972 fixit
926 942 956 974 6.
983 940 1048 972 Nos
1073 940 1115 972 ad
1139 949 1268 980 regnum
1293 941 1353 972 duc
1369 949 1537 980 supernum

353 987 406 1019 Ad
430 991 672 1027 praeceptorum
696 995 803 1027 opera,
1029 987 1111 1026 Quos
1136 987 1297 1019 redemisti
1320 988 1434 1027 pretio,

305 1034 350 1066 Et
373 1034 420 1066 sic
441 1034 529 1076 vivit,
556 1037 588 1066 et
612 1034 733 1066 audivit
982 1033 1080 1066 Fixus
1104 1034 1188 1074 ligno
1215 1035 1314 1066 crucis
1339 1034 1437 1075 signo,

351 1082 540 1113 Aeterna
577 1080 743 1113 Christi
784 1090 865 1113 mu·
1029 1082 1147 1123 Jesu,
1172 1083 1322 1113 nostra
1346 1082 1536 1121 redemp-

590 1138 610 1159 n
621 1136 638 1158 e
647 1137 664 1159 r
672 1137 700 1160 a.
1319 1128 1389 1161 tio.

322 1201 405 1229 BreV.
420 1210 472 1229 ms.
488 1201 754 1238 Compostellanum
771 1210 845 1229 saec.
861 1199 904 1228 15.
929 1201 996 1229 Cod.
1012 1201 1104 1238 Capit«
1119 1201 1304 1238 compostell.
1319 1211 1342 1230 s,
1355 1211 1384 1228 n.
1398 1217 1436 1223 —
1454 1202 1538 1230 Brev.

247 1240 397 1274 Burgense
408 1240 478 1275 imp.
493 1248 515 1268 s.
528 1239 548 1266 l.
564 1243 593 1267 et
606 1249 631 1267 a.
645 1240 678 1266 B.
694 1254 730 1259 —
744 1238 770 1273 6,
787 1238 806 1266 2
819 1240 899 1273 Quos
912 1248 966 1267 nos
978 1239 1128 1267 redemisti
1140 1240 1180 1275 A3
1198 1241 1262 1274 Quo
1277 1248 1329 1268 ons
1343 1240 1492 1268 redemisti
1506 1241 1540 1268 B.

689 1404 754 1435 262.
793 1404 835 1435 De
855 1405 961 1436 sancto
981 1404 1101 1436 Jacobo.

770 1480 818 1509 Ad
835 1480 1024 1511 Nocturnum.

249 1561 279 1593 1.
305 1560 375 1591 Rex
399 1562 536 1599 aeterne,
562 1568 618 1591 rex
637 1568 773 1599 superne
922 1560 954 1592 4.
980 1559 1047 1592 Nos
1073 1560 1197 1600 exaudi,
1222 1568 1333 1600 preces
1356 1561 1440 1603 audi,

354 1607 589 1649 Apostolorum,
618 1606 728 1649 deitas,
1029 1606 1087 1645 Qui
1113 1615 1145 1638 es
1170 1609 1348 1639 sanctorum
1374 1608 1484 1648 gloria,

307 1653 407 1685 Nobis
432 1662 529 1693 regna
553 1654 594 1685 da
617 1662 763 1692 superna,
979 1654 1072 1686 Pacis
1099 1654 1176 1686 dare
1199 1656 1234 1685 tu
1260 1654 1391 1694 dignare

352 1701 377 1733 Ο
402 1700 492 1740 lux,
525 1699 649 1732 beata
673 1700 865 1733 trinitas.
1026 1701 1159 1733 Beata
1183 1701 1307 1733 nobis
1332 1703 1495 1742 gaudia.

249 1788 280 1819 2.
306 1785 402 1826 Regis
428 1785 516 1825 signa
542 1784 631 1817 dedit
656 1785 750 1824 digna
925 1787 955 1818 5.
982 1785 1045 1817 Hic
1068 1788 1226 1826 precetur,
1252 1786 1342 1818 nobis
1368 1786 1461 1819 detur

352 1832 417 1865 Hie
440 1831 577 1865 Jacobus
603 1840 672 1863 cum
697 1840 803 1873 opere,
1029 1832 1083 1864 Sic
1106 1833 1279 1864 adhaerere
1301 1833 1446 1875 Domino,

305 1880 376 1912 Lux
401 1880 534 1920 accedit,
559 1888 621 1911 nox
647 1878 768 1911 recedit
981 1878 1027 1911 Ut
1049 1888 1196 1912 vocemur
1221 1882 1251 1912 et
1275 1890 1421 1913 ornemur

349 1927 435 1960 Jam
462 1926 572 1958 lucis
597 1929 686 1959 orto
711 1926 864 1959 sidere.
1026 1927 1174 1969 Magno
1199 1927 1356 1960 salutis
1380 1930 1539 1969 gaudio.

246 2016 276 2049 3.
302 2013 403 2045 Nobis
427 2020 520 2044 neces
545 2012 660 2044 tollant
685 2020 796 2052 preces
927 2014 958 2045 6.
985 2011 1143 2045 Christum
1168 2022 1223 2046 ora
1248 2015 1280 2044 et
1301 2014 1446 2055 implora,

350 2060 498 2101 Apostoli
522 2059 663 2099 piissime
1028 2060 1187 2101 Repulsor
1210 2061 1309 2093 hostis
1335 2062 1454 2106 callidi,

302 2109 347 2141 Et
380 2108 422 2141 ad
446 2116 556 2140 verum
580 2106 709 2139 trahant
734 2107 864 2150 coelum,
984 2108 1029 2140 Ut
1052 2117 1109 2140 nos
1135 2108 1230 2140 ducat
1254 2111 1286 2140 et
1308 2109 1439 2142 inducat

350 2155 459 2189 Coeli
475 2155 576 2188 Deus
593 2154 864 2188 sanctissime.
1028 2156 1089 2188 Ad
1123 2164 1287 2188 coenam
1320 2158 1414 2198 agni
1444 2168 1540 2199 pro-

1316 2206 1356 2237 vi
1367 2205 1386 2237 d
1395 2205 1417 2238 i.

320 2279 405 2306 Brev.
431 2287 483 2306 ms.
506 2277 771 2315 Gompostellanum
795 2286 870 2306 saec.
893 2275 936 2305 15.
963 2277 1032 2306 Cod.
1055 2278 1140 2316 Capit
1155 2279 1339 2316 Compostell.
1360 2288 1382 2307 s.
1402 2290 1429 2309 n.
1450 2282 1484 2310 A.
1504 2298 1541 2303 —

243 2318 328 2345 Brev.
351 2326 405 2345 ms.
427 2316 456 2344 S.
476 2316 627 2345 Benedicti
645 2316 841 2345 Valisoletani
866 2324 940 2344 saec.
969 2314 1013 2344 14.
1043 2316 1112 2345 Cod.
1134 2317 1292 2346 Seorialen.
1311 2319 1335 2347 P
1354 2319 1386 2347 Π
1406 2319 1431 2348 1.
1452 2322 1484 2349 B.
1505 2338 1538 2342 -

244 2355 330 2383 Brev.
350 2357 500 2392 Burgense
524 2355 594 2391 imp.
620 2364 643 2383 s.
670 2355 690 2382 1.
718 2358 748 2383 et
771 2363 797 2382 a.
824 2354 854 2382 Ο.
881 2369 917 2374 —
944 2353 974 2389 1,
1002 2352 1016 2381 1
1042 2355 1167 2384 Aeterne
1189 2364 1242 2384 rex
1270 2365 1394 2394 superne
1419 2359 1478 2387 AB.
1505 2375 1541 2380 —

244 2391 272 2430 3,
291 2390 309 2419 2
328 2394 463 2429 piissima
482 2393 514 2422 C.
535 2408 570 2412 —
590 2391 616 2429 3,
637 2390 655 2421 3
676 2394 760 2422 trahe
779 2393 812 2429 A,
833 2392 931 2421 trahat
949 2394 982 2421 B.
