1651 2518
737 105 989 140 —168-

486 201 517 234 4.
545 201 672 240 Accipit
695 200 780 232 vitae
804 200 937 239 spolium
963 201 1098 232 caducae

544 247 641 279 Dirus
664 246 810 279 Herodes
835 246 949 278 feriens
974 247 1084 287 securi,

544 294 627 325 Dum
651 295 743 333 putat
767 301 862 325 saeva
885 293 1008 332 populis
1033 294 1160 333 placere

592 339 696 371 Caede
718 342 880 378 tyrannus.

488 408 517 439 5.
544 404 666 436 Nomen
691 404 763 435 hinc
788 404 890 435 cuncti
916 404 1075 436 celebrent
1099 414 1236 444 perenne

543 451 647 482 Patris
673 459 710 482 ac
734 450 810 491 nati,
837 450 998 482 celebrent
1022 454 1053 482 et
1077 452 1151 483 almi

543 497 689 540 Spiritus,
714 506 809 529 unum
832 496 944 537 quibus
969 500 1015 528 est
1039 506 1195 535 cacumen,

592 543 663 575 Una
685 546 835 584 potestas.

291 610 377 636 Brev.
404 608 670 645 Gomp‹steiianum
694 608 736 634 im
758 628 764 634 .
788 608 962 644 Uiisiponae
990 605 1071 635 1497.
1098 607 1132 634 A.
1152 622 1187 627 -—
1207 608 1291 635 Brev.
1312 607 1344 635 S.
1361 606 1511 634 Benedicti.

217 646 412 674 Valisoletani
432 647 502 681 imp.
521 646 677 673 Valisoleti
698 643 733 672 15
754 644 779 673 8.
800 646 832 672 Β.

655 756 719 787 288.
758 756 802 786 De
822 755 927 786 saneto
948 754 1071 786 Jacobo.

764 821 812 851 Ad
831 821 957 851 Laudes.

491 893 523 925 1.
549 892 635 923 Luce
658 891 816 932 privatum
840 890 1016 929 vegetando
1040 898 1154 928 corpus

545 938 661 970 Fertur
685 947 704 970 a
730 937 810 969 caris
833 937 926 968 sociis
951 945 1009 976 per
1030 945 1155 977 aequor,

548 986 619 1017 Non
644 984 834 1025 gubernaclo
859 984 1043 1016 moderante
1067 991 1176 1015 cursus

593 1032 673 1064 Arte
697 1040 755 1063 nec
778 1031 853 1065 ulla.

492 1099 522 1130 2.
549 1097 612 1129 Sed
635 1097 696 1129 Dei
721 1100 798 1128 nutu
821 1097 899 1128 ratis
924 1105 962 1128 ex
987 1096 1086 1135 Ioppe

548 1144 702 1176 Prodiens
726 1145 823 1175 solem
845 1143 937 1183 petiit
962 1143 1123 1174 cadentem

550 1191 655 1230 Atque
680 1190 837 1223 Gallaecis
862 1190 990 1230 pelagus
1015 1198 1074 1230 per
1097 1189 1206 1229 ingens

594 1237 729 1276 Appulit
754 1237 826 1269 oris,

495 1304 524 1335 3.
552 1302 631 1340 Quid
657 1301 766 1341 feram,
794 1301 917 1340 quantis
943 1301 1074 1333 rutilare
1097 1301 1193 1341 signis

552 1348 672 1391 Coepit,
697 1351 734 1378 ut
756 1349 830 1379 litus
854 1348 958 1388 tetigit
982 1350 1152 1387 repostum,

554 1394 670 1434 Sponte
697 1393 852 1425 conscisso
877 1395 980 1434 patuit
1003 1394 1169 1434 sepulchro

599 1440 700 1472 Saxea
723 1449 828 1480 rupes,

494 1510 524 1540 4.
553 1507 670 1546 Sponte
694 1509 725 1536 te
750 1506 867 1538 Christi
894 1506 1017 1537 coluere
1041 1509 1172 1546 turmae,

552 1553 672 1592 Sponte
694 1552 877 1584 Maurorum
900 1553 1033 1584 timuere
1055 1556 1172 1593 gentes,

554 1600 672 1639 Sponte
696 1597 797 1630 felicis
823 1598 984 1631 celebrant
1006 1600 1131 1639 patroni

595 1645 717 1677 Nomen
741 1645 836 1679 iberi.

494 1714 525 1745 5.
551 1711 672 1743 Nomen
696 1710 769 1741 hinc
795 1711 897 1742 cuncti
922 1710 1084 1743 celebrent
1106 1719 1255 1752 perenne,

548 1758 653 1789 Patris
678 1765 715 1789 ac
739 1757 804 1788 nati
829 1757 989 1790 ceiebrent
1013 1761 1043 1789 et
1068 1758 1142 1790 almi

552 1804 697 1844 Spiritus,
724 1813 818 1835 unum
842 1804 954 1844 quibus
980 1808 1028 1837 est
1052 1814 1209 1845 cacumen,

595 1851 669 1885 Una
692 1853 840 1890 potestas.

296 1919 380 1946 Brev.
410 1916 675 1953 Compostellanum
701 1915 740 1942 im
763 1935 769 1940 .
788 1914 960 1951 U'stiponae
989 1913 1069 1942 1497.
1091 1915 1125 1942 A.
1153 1931 1191 1935 —-
1210 1917 1294 1944 Brev.
1315 1916 1344 1943 S.
1364 1901 1514 1944 ΒΕΙιθᾶίαῒῑί

221 1955 412 1983 Valisoletani
432 1955 501 1990 imp.
521 1952 675 1981 Vaiisoleti
697 1950 731 1980 15
752 1950 778 1979 8.
797 1952 831 1979 Β.

639 2062 704 2093 289.
743 2062 787 2093 De
808 2063 913 2093 sancto
930 2061 1093 2094 lidefonso.

758 2130 806 2159 Ad
823 2129 979 2167 Vesperas.

223 2201 252 2233 1.
280 2199 362 2231 Celsi
388 2197 575 2231 confessoris
896 2198 928 2230 2.
954 2197 1115 2229 Laudibus
1141 2199 1263 2230 canoris

281 2246 410 2278 Festum
435 2246 647 2278 venerandum
952 2244 1052 2276 Nobis
1077 2247 1125 2276 est
1140 2245 1331 2286 instandum,

277 2292 387 2334 NobiS,
412 2295 448 2324 ut
472 2296 518 2325 est
543 2293 647 2333 moris,
952 2291 1098 2323 Debitum
1125 2292 1253 2324 honoris

279 2340 383 2371 Adest
405 2340 636 2373 celebrandum.
953 2337 1113 2371 Ildefonso
1140 2339 1288 2374 dandum.
