1651 2518
745 96 998 130 —218—

496 192 527 224 2.
553 191 655 230 Hujus
676 192 709 223 in
734 189 814 223 festo
840 189 971 222 celebris
998 189 1074 229 diei,

563 239 657 271 Clara
680 247 741 278 qua
766 237 879 276 conjux
900 237 955 277 pia
975 236 1131 270 Zebedaei

558 285 600 317 Et
623 293 711 316 soror
735 287 863 316 sanetae
886 283 1046 325 genitricis
1071 284 1130 316 Dei

603 331 716 364 Sidera
739 331 874 363 scandit.

505 418 534 449 3.
561 415 672 448 Jacobi
697 418 796 448 mater
820 415 913 448 simul
937 419 967 446 et
991 415 1144 449 Johannis

560 463 692 503 Asperis
718 462 841 494 Christo
868 465 1014 501 cooperta
1038 462 1159 504 pannis,

558 509 666 548 Usque
691 510 824 541 decessit
847 508 972 540 senibus
993 508 1051 541 sub
1076 509 1175 551 annis⁷

605 555 735 596 Semper
759 556 913 589 adhaesit.

501 643 533 674 4.
559 641 701 674 Christus
725 644 761 672 ut
785 641 918 679 scandit,
943 641 1044 681 magis
1068 650 1107 673 ex
1128 649 1235 673 amore

558 688 698 728 Diligens
725 688 836 720 erescit
862 688 964 720 meriti
989 688 1108 727 labore,

557 735 649 767 Unde
673 736 743 774 plus
767 735 842 767 solis
867 735 963 766 rutila
986 736 1099 767 decore

604 781 685 813 Sede
710 784 861 813 coruscat.

500 867 530 899 5.
558 865 652 905 Cujus
676 866 709 897 in
733 865 850 905 templo
871 865 1004 905 vigilans
1031 865 1187 905 decenter,

558 912 714 951 Quidquid
742 921 873 944 exorans
898 912 987 951 petit,
1014 912 1177 943 evidenter

559 960 712 999 1mpetrat
736 961 835 990 totum
860 960 936 990 satis
961 957 1126 990 affluenter

604 1006 688 1037 Ante
713 1014 878 1039 recessum.

501 1092 530 1124 6.
558 1090 722 1129 supplicet
745 1093 845 1121 mater
868 1090 1034 1121 Dominum
1060 1092 1216 1129 regentem

559 1137 687 1176 Cuncta,
712 1138 795 1175 quod
820 1137 922 1168 salvet
944 1136 1092 1176 populum
1118 1137 1281 1175 colentem,

560 1183 749 1215 Promovens
771 1184 888 1222 justum
914 1187 1002 1222 regat
1023 1183 1217 1223 insolentem,

605 1229 700 1262 Sanet
723 1232 893 1269 aegrotum.

502 1314 532 1347 7.
562 1314 643 1346 Dive
666 1323 723 1346 rex
747 1322 864 1354 regum,
890 1314 948 1346 tibi
972 1314 1050 1355 laus,
1077 1314 1223 1346 honestas

563 1361 638 1402 Pax,
665 1361 759 1400 sam,
786 1361 895 1399 virtus,
922 1361 1016 1392 decus
1042 1363 1073 1391 et
1096 1362 1244 1400 potestas,

561 1408 618 1446 Qui
640 1408 702 1438 tuis
726 1408 842 1438 sanctis
867 1407 949 1439 bona
974 1410 1084 1439 cuncta
1109 1410 1251 1447 praestas

609 1453 725 1486 Trinus
750 1457 782 1485 et
804 1463 893 1487 unuS.

305 1519 388 1547 Brev.
408 1526 459 1546 ms.
482 1517 743 1553 Compostellanum
762 1525 836 1545 saec.
858 1516 900 1544 15.
930 1516 997 1545 God.
1020 1517 1113 1553 Capit.
1133 1518 1317 1553 Compostell.
1338 1526 1359 1544 S.
1380 1526 1408 1545 n.
1428 1517 1462 1545 A.
1485 1532 1515 1536 —

230 1556 333 1584 Dium.
352 1565 405 1583 ms.
425 1555 605 1591 Legionense
627 1563 700 1582 saec.
721 1552 765 1582 15.
786 1554 854 1582 God.
874 1555 967 1591 Capit.
987 1556 1142 1590 Legionem.
1162 1553 1208 1583 36.
1227 1555 1260 1583 B.
1279 1571 1318 1576 -
1336 1556 1419 1582 Brev.
1439 1555 1520 1582 Com-

231 1593 421 1629 postellanum
448 1594 516 1628 imp.
541 1593 713 1629 Uiisiponae
740 1590 820 1620 1497.
848 1592 877 1620 C.
906 1607 941 1611 ——
970 1594 1052 1621 Brev.
1072 1593 1214 1620 Auriense
1238 1594 1307 1628 imp.
1327 1592 1522 1620 salmantinae

234 1630 313 1658 1501.
335 1632 369 1658 D.
390 1644 426 1650 —-
447 1631 529 1658 Brev.
550 1630 812 1666 Compostellanum
832 1631 899 1665 imp.
918 1630 1112 1658 Salmanticae
1133 1628 1214 1658 1569.
1227 1630 1263 1658 E.
1284 1645 1320 1650 —-
1341 1628 1366 1663 2,
1388 1629 1405 1657 2
1421 1630 1521 1659 Clara-

233 1677 289 1703 que
310 1668 346 1696 E.
373 1684 409 1688 —
433 1667 465 1701 4,
494 1667 509 1695 1
534 1669 568 1694 ut
592 1667 664 1695 fehlt
687 1667 723 1695 E.
751 1683 786 1687 —
815 1667 844 1701 ὅ,
874 1666 893 1694 2
922 1667 1087 1703 Cunctaque
1113 1668 1207 1695 saivet
1226 1667 1291 1703 0133
1319 1668 1402 1701 Quod
1429 1668 1523 1696 salvet

234 1709 338 1733 cuncta
357 1707 391 1733 A.
444 1721 447 1725 ›
467 1705 493 1739 7,
514 1702 528 1732 1
549 1706 657 1732 Divine
676 1714 727 1732 rex
747 1704 785 1740 ῦς
807 1705 914 1733 Sumne
932 1714 984 1733 rex
1002 1706 1036 1733 A.

641 1833 709 1866 384.
746 1833 790 1865 De
809 1842 833 1865 s.
854 1833 953 1866 Maria
973 1834 1102 1866 Salome.

752 1900 799 1930 Ad
819 1899 1006 1931 Nocturnum.

509 1970 540 2002 1.
564 1969 589 2001 O
615 1967 691 2000 felix
717 1969 851 2009 genitrix
875 1974 984 2001 saneta
1008 1968 1159 2003 Johannis

561 2015 605 2046 Et
628 2016 733 2055 magni
757 2015 878 2055 Jacobi,
901 2016 1007 2055 junior
1030 2016 1120 2047 annis

564 2062 651 2100 Quae
674 2065 780 2102 spreto
803 2063 933 2102 proprio
958 2063 1089 2102 conjuge
1113 2063 1193 2095 eaeli

562 2108 726 2141 Factorem
752 2110 890 2149 sequeris
917 2110 1011 2141 corde
1034 2108 1133 2142 fideli.

505 2195 536 2225 2.
563 2193 587 2225 O
612 2194 750 2233 prudens
775 2194 910 2234 humilis,
936 2193 1036 2233 fortis,
1062 2194 1203 2233 honesta,

561 2240 673 2280 Aegris
699 2242 898 2281 compatiens,
926 2243 1020 2281 casta,
1047 2242 1197 2280 modesta,

562 2286 618 2318 Cui
643 2296 702 2319 non
728 2286 900 2319 sufficimus
925 2296 1070 2328 promere
1093 2290 1189 2328 gesta,

562 2333 663 2374 Digne
688 2333 739 2366 fae
763 2337 816 2366 tua
839 2343 895 2366 nos
920 2343 1046 2367 currere
1070 2333 1160 2368 festa.
