1651 2518
678 130 909 166 ,59-

424 229 454 260 5.
481 227 539 266 Qui
562 227 644 266 regit
668 226 763 258 cosmi
784 224 1002 265 fabricamque
1027 226 1129 257 coelos

478 273 579 312 Gyrat
602 273 758 312 immotus,
784 275 876 312 pater
901 275 1011 312 estque
1034 276 1155 312 gnatus,

475 320 607 352 Flamen
628 322 685 359 est,
711 320 813 351 trinus
838 319 926 350 Deus
951 328 1030 350 unus
1056 323 1129 352 ante

522 366 654 398 Saecula
677 375 811 405 semper.

219 432 304 458 Brev.
325 432 519 458 Zamoranum
538 432 609 466 imp.
631 429 712 458 15**.

571 536 616 567 69.
656 536 690 567 In
709 536 912 567 Descensione
933 536 1019 568 BMV.

696 612 744 641 Ad
762 612 889 642 Laudes.

418 692 448 723 1.
475 690 569 722 Sidus
594 698 727 721 aurorae
750 690 845 721 maris
870 692 964 729 atque
988 690 1090 732 stella,

472 737 592 769 Lumen
618 746 636 768 o
661 735 784 776 fulgens
809 737 887 768 solio
911 738 945 768 in
971 745 1110 772 corusco,

471 783 559 816 Luce
583 793 655 815 nam
679 784 766 823 eujus
791 784 930 816 renitent
954 784 1081 823 Olympi

522 830 635 863 Sidera
660 834 781 863 cuncta.

418 908 451 940 2.
475 907 565 938 Aura
588 909 753 938 nautarum
781 904 929 945 refugans
951 905 1117 945 procellas.

474 954 566 985 Litus
592 954 759 985 ostendens
783 953 844 985 iter
868 953 910 984 ad
936 952 1084 994 cupitum,

475 999 607 1040 Gurgite
630 1001 663 1031 in
687 1003 776 1031 vasto
801 1008 875 1039 rege
898 997 1122 1039 naufragantes

520 1048 600 1087 Hoc,
627 1047 681 1086 pia
704 1050 815 1079 mater.

418 1124 448 1155 3.
473 1122 524 1154 En
548 1122 708 1162 peregrini
731 1121 860 1162 fragiles
881 1130 1031 1162 vagamur

477 1169 538 1200 Per
564 1170 630 1201 vias
655 1169 765 1201 mundi
788 1169 908 1208 pedicis
934 1169 1083 1207 repletas,

473 1215 610 1247 Subveni
634 1217 735 1256 lapso,
761 1216 906 1247 baculum
932 1215 1057 1247 cadenti

520 1263 651 1303 Porrige
677 1264 831 1295 dextrum.

417 1339 449 1372 4.
475 1338 524 1369 Tu
548 1338 627 1378 ligas
654 1338 761 1378 dytem
784 1338 905 1369 baratri
929 1337 1109 1377 superbum,

476 1384 618 1417 Conteris
643 1394 771 1417 saevum
796 1387 892 1424 caput
916 1388 947 1416 et
973 1385 1130 1426 draconis,

470 1432 556 1472 Ergo
578 1433 645 1471 Jam
668 1432 769 1463 nostri
791 1432 944 1463 miserans
968 1433 1074 1463 reatus

520 1479 655 1512 Vincula
679 1479 776 1512 solve.

416 1556 448 1587 5.
473 1555 674 1594 Quaesumus,
700 1554 799 1593 virgo,
826 1553 933 1585 faveas
958 1553 1111 1593 precanti,

474 1600 590 1632 Gaudii
615 1603 739 1640 portam
763 1609 870 1632 resera
892 1600 1027 1637 beatam,

474 1647 620 1687 Quaeque
646 1647 783 1687 digneris
807 1648 973 1688 paradisus
997 1645 1089 1679 affert

520 1694 570 1726 Tu
595 1695 671 1726 dare
696 1694 795 1725 nobis.

418 1770 448 1802 6.
477 1768 536 1807 Qui
559 1768 641 1808 regit
665 1769 761 1800 cosmi
786 1768 1000 1807 fabricamque
1025 1769 1127 1799 coelos

475 1815 577 1855 Gyrat
599 1816 755 1854 immotus,
781 1818 873 1854 pater
898 1818 1005 1854 estque
1029 1818 1151 1857 gnatus,

475 1863 607 1895 Flamen
633 1865 689 1902 est,
715 1863 816 1893 trinus
841 1862 927 1893 Deus
951 1871 1030 1893 unus
1057 1865 1129 1893 ante

522 1909 654 1941 Saecula
678 1918 812 1949 semper.

216 1976 301 2004 Brev.
321 1976 513 2003 Zamoranum
532 1976 601 2011 imp.
625 1972 705 2002 15**.

549 2080 596 2111 70.
635 2079 670 2111 In
689 2079 779 2111 Festo
798 2079 923 2111 Rosarii
941 2080 1027 2111 BMV.

679 2157 728 2186 Ad
747 2157 902 2194 Vesperas.

415 2236 446 2269 1.
474 2237 498 2269 O
524 2246 617 2276 quam
642 2235 802 2268 odorifero
828 2235 907 2268 flore
928 2235 1079 2277 refragas‚

473 2284 588 2324 Stirpis
613 2284 788 2316 Davidicae
812 2282 926 2315 florida
948 2284 1048 2324 virgo,

474 2331 576 2364 Castis
601 2332 774 2364 visceribus
799 2334 900 2363 mater
923 2332 1061 2372 honoris,

470 2381 591 2413 Hortus
623 2380 809 2419 praeriguus
837 2379 1029 2414 deliciarum,
