1651 2518
695 90 949 125 —113—

178 185 208 217 3.
235 185 279 216 Hi
302 188 433 225 propter
457 185 517 218 Dci
541 186 638 218 filium
848 190 879 222 5.
905 187 1024 219 Horum
1048 188 1228 218 sanctorum
1249 186 1375 219 nomina

231 231 274 263 Et
298 231 424 264 laudem
448 233 497 264 sui
521 234 655 265 nominis
906 234 1031 274 Scripta
1054 236 1128 265 sunt
1151 242 1244 273 super
1269 233 1406 273 aethera,

231 279 394 312 Venerunt
416 280 458 312 ad
476 280 663 322 martyrium
905 281 962 320 Qui
987 281 1083 314 stolas
1109 289 1180 312 suas
1205 280 1300 312 hodie

229 325 384 358 Instinctu
407 328 507 359 sancti
531 326 677 363 flaminis,
902 328 1064 361 Laverunt
1086 328 1159 368 agni
1183 328 1341 367 sanguine.

172 392 204 423 4.
231 392 429 431 Frequenter
452 393 516 424 suis
539 394 660 426 meritis
847 397 878 428 6.
903 394 990 426 Dent
1012 393 1101 426 nobis
1125 402 1249 432 semper
1273 395 1379 425 vivere

230 439 356 471 Christo
379 440 510 479 jubente
535 441 665 473 coelitus
903 442 942 474 In
966 441 1094 473 coelesti
1117 440 1246 482 palatio,

228 485 277 517 De
302 485 492 526 Calagurrae
517 488 659 519 terminis
909 489 991 527 Quos
1018 488 1104 520 dedit
1129 487 1205 519 felix
1230 496 1381 528 prospere

228 532 385 572 Malignos
411 532 521 573 fugant
545 534 684 574 spiritus.
905 535 1075 575 Calagurra
1098 534 1258 574 martyrio.

536 602 567 633 7.
596 600 748 639 Christus,
775 601 827 640 qui
854 602 909 633 dat
929 600 1095 640 imperium

592 647 635 678 Et
660 648 713 687 qui
737 646 815 679 facit
841 648 1002 691 miracula,

592 693 642 726 Sit
664 703 747 726 nunc
771 697 800 726 et
820 695 854 726 111
877 697 1062 735 perpetuum

590 741 781 773 Benedictus
803 742 838 773 in
862 742 997 774 saecula.

244 804 328 831 Brev.
355 813 407 832 ms.
429 805 683 840 Calagurritanum
702 814 768 833 saec
799 804 842 833 15.
869 805 937 834 Cod.
957 806 1161 834 Salmanticen.
1184 803 1245 832 186.
1264 806 1299 832 A.
1319 818 1353 824 ν-
1374 806 1457 833 brev.

168 849 219 868 ms.
235 841 397 869 Oxomense
416 850 489 870 saec.
513 841 555 870 15.
569 843 637 870 Cod.
653 843 747 879 Capit.
762 844 899 872 Oxomen.
920 852 942 870 s.
962 853 990 871 n.
1004 844 1038 870 B.
1058 857 1094 861 —-
1108 844 1191 871 Brev.
1209 843 1458 878 Calagurritanum

168 880 198 905 et
221 879 402 907 Oalciatense
427 882 496 915 imp.
521 881 660 908 Luci-onii
684 878 766 909 1543.
793 880 824 909 O.
848 898 886 902 —
911 880 968 909 Str.
992 880 1012 909 4
1036 881 1096 908 und
1118 880 1136 908 5
1161 881 1334 916 umgestellt.
1360 879 1391 907 C.
1421 896 1456 900 —

168 913 194 949 5,
214 914 234 943 4
253 918 395 952 sanguine
414 919 483 954 agni
501 918 534 945 B.

559 1057 619 1089 174.
659 1056 702 1089 De
722 1057 828 1089 sancto
849 1055 1070 1096 Ermengaudo.

658 1134 706 1163 Ad
725 1132 813 1170 Vesp.
835 1135 864 1162 et
881 1131 966 1162 Noct.

171 1209 201 1241 1.
226 1211 256 1240 A
268 1213 387 1241 etern
399 1219 418 1241 a
443 1217 485 1240 co
497 1210 552 1241 eli
577 1209 643 1250 glo
655 1210 716 1241 ria
842 1211 875 1242 4.
900 1208 1070 1241 Hostem
1086 1218 1157 1249 rep
1169 1209 1271 1241 ellas
1289 1210 1454 1251 longius,

224 1256 480 1296 Ermengaudum
505 1256 670 1296 glorificat,
902 1255 1018 1287 Christi
1044 1255 1204 1288 confessor
1226 1257 1344 1295 inclite,

227 1303 319 1335 Vitae
345 1304 432 1342 cujus
456 1303 592 1343 insignia
900 1302 1086 1343 Donumque
1108 1304 1196 1343 pacis
1220 1304 1338 1344 gratius

227 1351 347 1383 Chorus
372 1353 479 1382 noster
502 1349 689 1391 magnificat.
900 1349 964 1381 Des
988 1351 1021 1381 in
1046 1350 1106 1381 hoc
1128 1351 1237 1382 mundi
1261 1351 1395 1384 tramite.

168 1418 198 1447 2.
225 1416 246 1448 S
257 1426 274 1448 o
284 1418 295 1448 1
306 1416 392 1447 utis
413 1417 495 1456 jam
520 1426 539 1457 g
549 1416 749 1448 emitibus
843 1417 874 1449 5.
899 1416 1112 1455 Exstingue
1130 1415 1300 1449 flammas
1316 1416 1452 1457 litium,

224 1464 268 1495 Et
290 1464 384 1502 hujus
406 1464 492 1495 vitae
514 1463 630 1496 taediis
899 1462 1007 1494 Fortis
1031 1466 1191 1503 protector
1214 1464 1345 1504 patriae,

225 1510 342 1542 Laetus
366 1510 481 1542 transit
506 1520 575 1542 cum
598 1510 745 1542 laudibus
900 1509 1061 1550 Nobisque
1086 1509 1137 1542 fac
1160 1511 1330 1550 propitium

225 1558 350 1590 Fruens
375 1560 554 1589 sanctorum
579 1557 711 1598 gaudiis.
900 1556 1018 1597 Regem
1044 1558 1186 1589 coelestis
1210 1559 1337 1598 gloriae.

169 1624 200 1656 3.
226 1624 442 1663 Vergente
454 1624 592 1656 mundi
607 1632 785 1663 vespere
844 1625 873 1656 6.
900 1622 964 1654 Sit
987 1624 1080 1655 iaus
1103 1624 1219 1663 patri
1245 1627 1285 1655 et
1308 1624 1421 1669 filio,

225 1671 466 1710 Ermengaudus
490 1671 625 1712 emicuit,
901 1669 949 1701 Sit
974 1671 1068 1702 decus
1093 1674 1199 1702 sancto
1222 1669 1350 1713 flamini,

227 1717 323 1756 Quem
349 1718 396 1748 sol
421 1720 506 1749 ortus
530 1718 563 1748 in
585 1717 699 1757 sidere,
899 1717 960 1748 Per
985 1726 1075 1757 quem
1100 1718 1179 1750 vivit
1202 1718 1235 1749 in
1260 1719 1372 1759 gaudio

224 1764 380 1806 Christus,
404 1764 438 1796 in
463 1764 534 1795 luce
557 1764 673 1804 posuit.
899 1764 988 1796 Iste
1014 1764 1232 1797 confessor
1255 1766 1429 1800 Domini.

239 1830 324 1857 Brev.
351 1830 523 1866 Urgellense
546 1831 615 1866 imp.
641 1830 773 1858 Venetiis
801 1827 882 1857 1487.
912 1830 945 1857 A.
971 1846 1009 1850 —
1033 1830 1163 1858 Process.
1190 1830 1360 1868 Urgellense
1385 1833 1452 1869 imp.

166 1865 246 1896 15**.
267 1869 300 1896 Β.
315 1883 354 1887 —
373 1869 457 1896 Brev.
479 1867 653 1896 Celsonense
671 1869 740 1902 imp.
763 1867 1010 1903 Caesaraugustae
1031 1865 1111 1895 1514.
1133 1868 1163 1896 O.
1185 1885 1222 1889 —
1244 1867 1281 1904 1,
1294 1868 1311 1897 2
1330 1870 1451 1898 Ermen—

162 1906 276 1942 gaudus
297 1905 328 1934 G.
348 1921 383 1925 —
404 1904 431 1940 2,
451 1903 469 1934 3
489 1906 595 1933 Beatus
615 1907 723 1933 transit
741 1905 772 1934 G.
790 1921 828 1925 —-
846 1904 873 1940 4,
896 1903 911 1932 1
931 1906 1074 1942 repellens
1094 1905 1125 1934 G.

550 2044 610 2076 175.
651 2044 692 2076 De
714 2045 820 2076 saneto
842 2044 1067 2086 Ermengaudn.

712 2120 760 2151 Ad
780 2121 904 2152 Laudes.

163 2201 193 2234 1.
220 2201 354 2241 Magnus
378 2201 499 2233 athleta
521 2202 654 2233 moritur
840 2203 872 2234 2.
896 2200 982 2234 Hine
1003 2201 1242 2241 Ermeugaudus
1265 2203 1401 2244 transiit,

217 2248 254 2280 In
279 2248 384 2289 terriS,
411 2249 464 2289 qui
490 2248 688 2289 coniungitur
898 2247 1061 2280 Coelorum
1088 2249 1225 2282 claustra
1249 2250 1353 2291 subiit,

220 2295 354 2327 Summis
380 2297 537 2328 coelorum
562 2295 693 2336 civibus,
896 2296 968 2329 Jam
992 2296 1135 2336 possidet
1156 2297 1189 2329 in
1214 2298 1342 2331 aethera

216 2342 405 2375 Exsultet
420 2344 565 2377 coelum
580 2343 778 2376 laudibus
898 2344 1075 2376 Aeterna
1106 2344 1257 2377 Christi
1288 2356 1451 2381 munera.

217 2402 328 2426 Dreveu
335 2419 342 2430 ‚
360 2401 493 2431 Hymnodia
507 2401 624 2426 Hiberica.
1267 2400 1285 2430 8
