1651 2518
702 81 936 117 -63-.

175 176 206 208 3.
231 175 321 208 Haec
345 178 394 207 est
417 175 535 216 absque
559 176 631 208 labe
655 177 756 218 spina,
851 178 881 211 5.
907 176 996 208 Haec
1020 179 1069 208 est
1091 176 1200 208 alvear
1225 176 1371 218 dulcoris,

231 222 320 254 Haec
344 225 393 253 est
416 223 511 254 stella
529 224 693 262 matutina,
907 223 995 255 Haec
1020 226 1068 254 est
1092 221 1189 254 facies
1216 223 1350 264 decoris,

230 268 320 300 Haec
344 272 391 300 est
415 268 533 309 gloriae
559 270 687 308 cortina,
908 269 1036 301 Pomum
1061 269 1211 308 stupendi
1236 269 1352 308 odoris,

231 315 345 348 Sobria
368 315 541 354 propinans
565 315 648 356 vina,
905 316 1083 349 Descensus
1107 316 1244 347 vernalis
1268 316 1360 354 roris,

273 362 359 400 Quae
383 364 526 401 pungunt
549 362 738 402 mentaliter,
952 363 1071 402 Algens
1094 363 1288 401 miraeiliter,

276 407 435 447 Soporant
458 407 604 441 feliciter.
950 409 1144 440 Humeetans
1170 407 1329 441 fertiliter.

172 474 206 506 4.
231 472 321 505 Haeo
346 476 394 504 est
416 478 517 505 mater
537 473 724 516 SalvatoriS,
848 474 880 506 6.
906 473 953 507 Ob
979 474 1039 505 boe
1062 476 1155 513 pater
1180 475 1347 513 exaltetur,

228 520 317 552 Haec
343 523 391 551 est,
412 523 512 552 mater
534 521 694 560 genitoris,
906 520 953 553 Ob
980 521 1039 552 hoe
1061 520 1144 552 filius
1168 521 1324 562 laudetur,

228 568 317 600 Haeo
342 569 390 598 est
412 567 567 598 thalamus
590 567 732 609 pudoris,
907 566 953 599 Ob
979 568 1039 599 hoe
1062 575 1199 606 pneuma
1221 568 1385 599 invocetur

229 615 316 646 Haec
341 617 390 645 est
414 614 555 646 elibanus
580 615 705 654 amoriS,
910 639 916 645 .
952 639 958 648 .
997 642 1003 648 ,
1039 642 1045 648 ,
1072 639 1078 645 .
1108 642 1114 645 .
1142 642 1148 647 .
1180 639 1183 645 .
1213 639 1219 642 .
1249 642 1252 648 .
1285 639 1288 645 .

274 661 317 692 Et
343 661 459 692 ardens
485 660 663 693 virtualiter
952 661 982 692 A
1007 660 1097 693 nobis
1121 660 1259 693 fideliter

272 707 317 739 Et
341 707 511 739 incendens
536 708 716 741 salubriter.
953 708 1060 748 Atque
1083 708 1282 740 unanimiter.

245 771 313 800 Cod.
333 772 481 799 Matriten.
500 772 554 800 Bb.
576 769 638 800 150.
659 780 734 799 saec.
757 770 800 800 14.

641 901 687 932 75.
720 900 765 932 De
783 901 815 932 B.
836 900 938 932 Maria
955 901 993 933 V.

441 982 472 1012 1.
499 980 525 1013 O
546 980 643 1012 maris
666 983 788 1020 portus,
812 982 868 1020 pia
891 982 989 1020 virgo,
1015 984 1116 1012 mater

499 1027 602 1066 Alma,
630 1027 786 1058 coelorum
812 1028 873 1068 via,
899 1028 953 1059 lux
978 1034 1010 1060 et
1033 1030 1163 1069 astrum,

500 1074 525 1106 O
549 1073 612 1105 Dei
638 1073 757 1106 Christi
780 1075 915 1113 genitrix
940 1074 1045 1106 Maria

545 1120 697 1160 Divaque‚
723 1120 820 1154 salve.

442 1195 473 1226 2.
498 1193 584 1226 Eece
607 1203 664 1226 nos
689 1203 799 1234 aegros
822 1194 939 1227 misero
963 1196 1105 1234 parente,

502 1242 583 1281 Quos
610 1241 664 1273 diu
688 1242 787 1273 traxit
808 1242 862 1273 lue
886 1244 948 1273 tam
974 1243 1164 1282 peremptos,

503 1287 660 1321 Germinis
685 1292 762 1320 nutu
787 1287 866 1320 facis
892 1290 1043 1321 advenire

554 1335 677 1367 Gaudia
700 1337 813 1375 prima.

444 1411 476 1443 3.
503 1410 577 1450 Quis
605 1410 699 1442 datur
725 1411 805 1442 coeli
830 1410 1002 1450 soliumque
1026 1414 1128 1451 porta,

501 1457 643 1490 Flebiles
668 1458 788 1489 intrant
812 1457 917 1489 aditus
942 1457 1060 1497 beatOS,

503 1504 668 1544 Supplices
693 1505 815 1543 palmas
840 1505 984 1536 manibus
1009 1506 1150 1536 tenentes

549 1551 596 1583 Te
621 1552 701 1583 duce
724 1552 876 1591 psallunt.

441 1628 473 1658 4.
500 1626 546 1658 Te
569 1632 662 1658 vocat
685 1627 802 1658 clamor
826 1627 935 1665 populi
955 1626 1086 1665 ruentis.

498 1672 613 1716 Mater,
640 1682 658 1704 o
683 1674 805 1713 pandas
829 1673 952 1705 miseris
977 1673 1108 1713 asylum,

498 1720 620 1759 Dulcis,
643 1723 681 1751 ut.
702 1720 831 1752 tandem
855 1723 988 1760 pateant,
1010 1720 1130 1751 eisdem

545 1766 668 1799 Abdita
690 1775 791 1800 saera.

442 1845 472 1876 5.
499 1844 563 1875 Pro
587 1843 651 1874 reis
674 1852 730 1875 ora
753 1843 902 1883 genitum,
928 1850 1104 1885 precamur,

500 1889 568 1922 Nos
594 1889 667 1922 fove
692 1893 724 1921 et
750 1898 854 1930 serva,
879 1890 1092 1930 populumque
1109 1890 1238 1931 elerum,

501 1937 656 1971 Carminis
682 1937 763 1969 vatis
787 1938 969 1977 sociumque
991 1939 1065 1970 vota

546 1984 687 2027 Suse1pe,
714 1985 813 2025 virgo.

441 2062 472 2095 6.
500 2060 652 2100 Gloriam,
680 2060 772 2102 cives,
798 2059 932 2091 'Domino
958 2067 1114 2100 canamus,

498 2107 673 2148 pneumati,
699 2107 785 2146 patri
808 2106 990 2146 pariterque
1014 2109 1118 2146 gnato,

502 2155 561 2194 Qui
585 2155 675 2195 polos
700 2154 786 2186 orbis
810 2153 894 2195 regit
917 2156 949 2185 et
972 2154 1125 2193 gubernat

544 2202 659 2234 Trinus
685 2204 716 2234 et
739 2210 829 2233 unus.

238 2271 337 2297 Aurea
349 2268 506 2305 Expositio
526 2268 699 2303 hymnorum
717 2275 777 2294 una
792 2274 856 2293 eum
870 2267 950 2292 textu
964 2267 1079 2293 noviter
1093 2267 1245 2294 emendata
1256 2276 1308 2304 per
1320 2268 1340 2296 J
1342 2269 1461 2297 acobum

162 2309 262 2336 Alora.
298 2307 496 2335 Salmanfficae
516 2304 597 2333 1501.
618 2321 654 2325 -—
669 2304 793 2341 „Jacobi
805 2304 896 2331 Alora
915 2303 951 2330 ad
970 2303 1068 2331 <livam
1087 2306 1254 2341 genitricem
1270 2306 1327 2334 Dei
1340 2307 1463 2336 Mariam

167 2346 300 2382 hymnus,
325 2346 453 2373 carmine
472 2343 613 2381 sapphico
636 2342 857 2378 endecasyllabo
879 2341 1042 2377 adonioque
1062 2345 1246 2379 compositus,
1266 2345 1431 2381 incipitur.“
