1651 2518
722 94 955 131 -76-

633 188 678 219 99.
717 187 760 218 De
780 187 897 226 Angelo
918 186 1052 218 Custode.

738 253 786 283 Ad
804 253 930 283 Laudes.

198 324 228 356 1.
255 323 391 355 Verbum
416 332 583 363 supernum
606 323 765 364 prodiens,
867 323 900 354 4.
927 322 968 354 Se
991 330 1121 353 nascens
1151 321 1240 353 dedit
1263 320 1381 351 socium

255 371 284 402 A
310 373 401 409 patre
424 379 547 409 semper
572 370 686 407 exiens,
924 368 1082 401 Mittendo
1106 367 1195 399 nobis
1221 367 1375 406 angelum,

257 417 315 455 Qui
341 418 380 449 ‹le
405 418 533 449 custode
556 416 701 448 subvenis
922 413 1121 446 Promentem
1147 414 1238 446 dulce
1262 413 1434 445 canticum:

255 465 308 496 Ad
333 464 512 495 servitutem
536 463 703 495 hominum.
928 461 1037 493 Gloria
1061 461 1128 500 regi
1153 461 1298 492 omnium.

199 521 229 551 2.
255 520 293 551 In
317 522 417 551 morte
441 520 531 551 adest
557 520 694 558 angelus,
871 519 901 551 5.
928 518 952 550 Ο
978 518 1123 548 salutaris
1149 516 1265 548 veritas

255 567 311 598 Fit
332 566 491 598 recedenti
515 565 635 607 obviae,
925 564 968 596 Et
990 564 1171 604 angelorum
1194 563 1331 605 claritas,

254 612 300 644 Ut
324 612 447 644 deferat
473 613 513 644 ad
539 612 680 643 bravium
927 611 964 642 In
990 610 1101 650 quibus
1126 610 1219 641 ardet
1243 610 1357 641 caritas

254 660 451 691 Felicitatem
474 659 643 691 hominum.
926 657 970 689 Et
995 657 1127 696 diligens
1151 657 1341 696 benignitas.

199 716 230 748 3.
256 714 373 753 Quibus
396 717 547 754 parantur
572 715 687 754 gaudia
869 715 901 747 6.
927 714 991 747 Uni
1013 713 1158 753 trinoque
1181 712 1314 745 Domino

256 762 294 793 In
319 761 478 793 beatorum
503 762 596 799 curia,
929 761 976 793 Sit
1001 761 1192 799 sempiterna
1215 760 1325 799 gloria,

258 808 323 840 Ubi
348 809 505 840 exsultant
530 808 642 848 angeli,
928 807 986 846 Qui
1010 807 1106 838 vitam
1131 807 1198 838 sine
1223 806 1354 837 termino

258 855 440 887 Orationum
463 855 570 894 bajuli.
928 853 1028 885 Nobis
1055 854 1150 884 donet
1170 854 1200 884 in
1227 853 1339 892 patria⁴

272 919 331 946 Ans
359 918 512 946 denselbon
540 918 660 951 Quellen
686 919 740 945 wie
768 918 814 945 die
839 917 941 944 beiden
964 917 1216 953 vorhergehenden
1243 916 1400 944 Nummem
1423 914 1487 945 (mit

198 957 363 984 Ausnahme
391 965 449 983 von
478 957 512 990 Y)
539 956 598 982 und
630 956 704 982 ohne
734 957 949 983 nennenswerte
976 955 1144 982 Varianten.
1181 954 1371 985 Villanueva,
1403 953 1487 988 ’ViaJ'e

198 995 341 1021 Literaric·
364 993 409 1022 ΙΙ,
441 992 454 1020 1
481 994 562 1028 gicht
583 1001 627 1024 an,
658 994 708 1020 das
729 992 874 1025 Officium,
899 1000 936 1020 zu
954 993 1019 1019 dem
1038 991 1117 1019 diese
1135 992 1271 1026 Hymnen
1290 991 1423 1027 gehiiren,
1444 993 1486 1017 sei

202 1029 273 1058 1411
296 1031 469 1067 eingefiihrt;
490 1030 580 1057 leider
603 1029 719 1066 rergifst
738 1039 768 1057 er
788 1032 868 1057 scine
887 1029 1005 1066 Angabe
1025 1038 1061 1056 zu
1082 1028 1256 1064 begrfinden.

627 1120 688 1151 100,
728 1120 771 1151 De
789 1120 905 1159 Angelo
927 1119 1060 1151 Custode.

688 1187 735 1215 Ad
755 1185 842 1224 Vesp.
864 1190 893 1215 et
910 1185 995 1215 Noct.

203 1258 233 1289 1.
261 1256 369 1288 Custos
394 1265 519 1287 suorum
544 1256 686 1295 militum,
870 1256 900 1287 3.
921 1254 1043 1285 Adesse
1066 1254 1155 1285 nobis
1181 1255 1335 1285 credimus

259 1303 337 1340 Rex,
363 1303 415 1342 qui
439 1302 593 1342 gubernat
615 1301 729 1340 omnia,

258 1350 309 1380 Ad
334 1358 389 1380 nos
414 1350 546 1380 tuendos
568 1348 689 1380 infimos

259 1396 361 1427 Mittit
384 1404 535 1434 supernos
561 1395 695 1435 angelos.

202 1454 233 1483 2.
260 1451 444 1483 Custodiunt
468 1460 525 1483 nos
548 1451 651 1491 angeli

259 1498 361 1530 Noctu
387 1498 498 1538 dieque
523 1500 554 1529 et
574 1498 699 1536 jugiter,

262 1544 495 1577 Circumdamur
519 1544 685 1576 virtutibus

257 1592 422 1623 Exercitus
446 1592 635 1623 coelestium.

926 1301 1051 1340 Ubique
1074 1304 1198 1332 sanctos
1222 1301 1361 1341 angelos,

928 1348 1020 1380 Claro
1045 1350 1148 1379 tamen
1173 1348 1225 1387 qui
1249 1348 1366 1379 lumine

928 1394 1054 1425 Vultum
1078 1394 1139 1425 Dei
1162 1403 1286 1433 semper
1309 1394 1427 1427 vident.

894 1478 901 1484 ,
927 1449 1044 1482 Vident
1066 1450 1301 1489 beatitudinem,

927 1496 1023 1535 Quam
1048 1497 1210 1537 possident
1234 1500 1265 1528 et
1287 1497 1384 1535 patrii

929 1543 1099 1584 Nostrique
1123 1542 1199 1575 facti
1222 1544 1343 1583 praevii

926 1590 1013 1622 Coeli
1036 1590 1181 1622 fruuntur
1206 1591 1316 1631 gloria.

592 1650 620 1682 5.
649 1647 714 1679 Soli
737 1648 804 1679 Deo
829 1647 871 1678 sit
894 1647 1002 1687 gloria,

649 1694 697 1726 Sit
716 1694 885 1734 gratiarum
910 1694 1000 1735 act-io,

647 1741 707 1780 Qui
730 1741 814 1773 solus
839 1743 886 1771 est
910 1741 1079 1772 altissimus

648 1788 691 1819 Et
714 1788 866 1828 gloriosus
890 1788 1054 1827 pei-,petim

276 1853 359 1881 Brev.
379 1861 431 1880 ms.
446 1853 500 1881 FF.
522 1852 551 1880 S.
571 1854 693 1888 Ilici->on
692 1854 741 1879 mi
761 1854 830 1880 anni
851 1850 1222 1880 1463.00c1.Mat1-iten.A.
1246 1850 1306 1879 169.
1328 1852 1391 1880 add.
1412 1861 1486 1880 saec.

203 1889 246 1918 1).
277 1899 320 1917 ex.
346 1891 379 1918 A.
410 1906 447 1910 —-
475 1891 557 1919 Brev.
582 1890 754 1918 Toletanum
781 1892 850 1926 imp.
874 1889 1009 1925 Lugduni
1035 1887 1117 1916 1551.
1143 1889 1174 1915 Β.
1203 1903 1239 1908 -—
1263 1891 1346 1917 Brev.
1371 1890 1427 1918 FF.
1456 1892 1486 1918 S.

203 1928 372 1963 Hieronymi
394 1930 460 1963 imp.
481 1928 614 1964 Lugduni
637 1927 716 1955 1547.
734 1929 764 1954 (.
784 1943 821 1947 —
823 1902 909 1956 lm
934 1926 1122 1963 Seguntinum
1143 1927 1211 1962 imp.
1227 1926 1384 1962 Seguntiae
1405 1926 1485 1955 1561.

203 1966 288 1992 1>.—
327 1966 411 1993 Drex.
432 1966 580 1993 Gunehens
566 1974 598 1993 e
620 1967 680 2001 imp
683 1965 843 1993 conchae
870 1963 951 1992 1560.
972 1964 1007 1991 E.
1029 1979 1062 1983 —
1084 1965 1166 1991 Brev.
1190 1964 1245 1992 ΒΕ.
1266 1965 1295 1992 S.
1316 1965 1488 1999 Hieronymi

204 2004 271 2039 imp.
294 2004 538 2038 Caesamugustae
565 1975 696 2030 156211.
716 2018 754 2023 —
773 2003 833 2030 Dei
851 2002 984 2037 Hymnus
1008 2002 1084 2028 steht
1109 2001 1146 2028 ad
1164 2002 1251 2037 V.esp
1272 2004 1301 2029 et
1319 2001 1433 2030 Laudes
1454 2003 1486 2029 B.

620 2093 675 2124 101.
715 2094 757 2125 De
776 2093 892 2134 Angelo
916 2092 1051 2123 Custode.

745 2160 795 2189 Ad
814 2160 938 2189 Laudes.

475 2228 504 2261 1.
533 2229 684 2261 Coclitum
708 2228 821 2260 festum
845 2229 956 2260 merito
983 2227 1146 2259 colendum

531 2276 691 2308 Laudibus
718 2276 836 2308 coelum
861 2276 1043 2314 repleatque
1067 2276 1193 2314 terram,

529 2324 611 2362 Quos
634 2322 695 2354 Dei
718 2326 841 2354 nostros
865 2323 967 2361 pietas
990 2323 1114 2353 tuentes

576 2370 676 2401 Mittit
700 2370 842 2410 Olympo.
