1651 2518
700 94 955 130 —243—

602 205 671 237 423.
711 206 754 238 De
777 206 886 238 sancta
905 205 1054 237 Praxede.

700 272 748 301 Ad
766 272 956 303 Nocturnum.

208 363 215 370 .
242 340 373 380 Lingua,
400 349 510 379 prome
534 341 676 372 Balearis
860 342 892 373 4.
918 340 1013 372 Favit
1035 340 1084 371 illi
1105 343 1209 372 rector
1233 340 1332 371 omnis

289 387 414 419 insulae
437 388 648 427 praeconium,
965 388 1043 419 urbe
1067 387 1214 427 princeps
1238 387 1400 429 maximus,

243 434 359 465 Mortis
385 434 462 465 haec
488 434 640 466 Praxedis
666 435 749 467 alma
920 434 1026 466 Currit
1050 442 1122 474 ergo
1145 434 1235 473 plebs
1260 432 1363 465 fidelis

291 481 376 513 claro
402 479 502 521 fulget
525 481 658 520 nomine,
965 484 1032 513 tuta
1055 489 1187 520 poscens
1212 481 1328 522 limina,

245 527 328 568 Vita,
352 527 452 560 virtus
478 528 552 559 hinc
576 528 712 567 nitescit,
919 527 1060 560 Christus
1084 527 1152 560 illic
1174 527 1385 568 praedicatur,

288 576 371 607 unde
396 575 529 614 prodest
551 575 705 607 omnibus.
962 583 1044 606 vana
1067 578 1220 613 spernunt
1241 574 1338 607 idola.

208 667 214 672 .
243 640 319 672 Cum
344 641 501 680 prudente
523 640 683 672 Sabinella
859 641 889 673 5.
916 639 1013 672 Dives
1039 643 1141 671 exstat
1163 640 1220 672 illa
1244 640 1349 671 multis

288 691 361 719 sunt
385 690 532 726 parentes
557 687 680 729 virgini,
963 687 1056 719 rebus
1080 687 1172 726 huJ'us
1197 687 1321 729 saeculi,

240 734 355 766 Frater
378 734 426 765 illi
450 734 631 766 Timotheus
916 733 1019 765 Multa
1039 734 1123 772 juste
1147 734 1338 774 possidendo

287 790 354 812 cum
380 780 503 813 Novato
530 781 652 820 claruit,
962 780 1057 813 corde
1080 789 1201 820 pauper
1226 781 1356 820 exstitit,

241 828 357 868 Fulget
382 827 446 870 illa,
474 826 574 868 fulget
594 827 669 867 illis,
915 827 994 859 Inde
1018 836 1114 867 regna
1137 836 1220 859 nunc
1244 828 1385 866 polorum

287 874 387 915 fulget
411 876 443 905 et
466 874 660 913 parentibus.
958 875 1030 913 J'ure
1054 877 1146 906 nacta
1169 874 1320 914 possidet.

204 965 211 972 .
238 940 338 972 Roma
361 940 468 972 nutrix
492 938 585 971 floret
607 939 699 978 hujus
857 941 887 972 6.
913 939 1059 979 Lausque
1084 940 1178 971 decus
1202 940 1337 972 trinitati

284 988 380 1020 laude
403 987 543 1026 gaudens
567 986 661 1028 filiae,
962 989 1073 1017 cuncta
1096 987 1138 1017 sit
1158 995 1216 1025 per
1240 988 1374 1019 saecula.

241 1034 299 1067 Cui
323 1042 413 1066 soror
433 1033 622 1066 Potentiana
917 1033 984 1071 Qua
1005 1035 1133 1064 sanctae
1155 1033 1309 1065 Praxedis
1331 1038 1422 1066 ornat

285 1090 405 1112 summa
429 1081 508 1112 coeli
531 1079 696 1120 possidens
959 1079 1089 1119 spiritus
1111 1080 1268 1119 coelestia,

238 1127 401 1168 Splendet,
428 1136 445 1159 0
471 1137 563 1167 quam
585 1126 673 1166 virgo
690 1129 799 1158 nostra
913 1127 1018 1158 Plebis
1044 1129 1075 1157 et
1098 1127 1321 1166 MaJ'oricarum

286 1175 394 1214 stirpis
419 1175 483 1206 alto
507 1173 655 1214 germine.
960 1173 1039 1205 ditat
1063 1173 1172 1205 urbem
1198 1182 1338 1213 corpore.

255 1240 339 1266 Brev.
358 1238 551 1274 Majorieense
568 1240 638 1273 imp.
657 1238 790 1265 Venetiis
811 1234 891 1264 1506.

590 1384 660 1414 424.
699 1383 742 1414 De
762 1384 871 1415 saneta
889 1383 1037 1415 Praxede.

724 1450 773 1479 Ad
791 1450 917 1480 Laudes.

202 1547 209 1554 .
236 1521 357 1562 Gaude,
383 1521 471 1561 virgo
499 1520 688 1559 dulcissima,
852 1520 882 1552 4.
911 1518 1032 1560 Gaude,
1055 1519 1139 1558 quod
1160 1519 1267 1558 plures
1292 1522 1447 1559 martyros

234 1569 311 1600 Tuis
336 1568 434 1601 sacris
459 1568 642 1607 parentibus
910 1567 1014 1599 Sacris
1039 1564 1112 1597 fulti
1136 1565 1331 1598 sermonibus

236 1615 328 1647 Sistis
354 1619 385 1647 et
409 1613 591 1646 felicissima
908 1613 980 1645 Jam
1004 1616 1136 1652 regnant
1158 1612 1234 1645 facti
1257 1613 1392 1646 coelibes

232 1663 363 1694 Duobus
387 1662 504 1694 sanctis
528 1660 691 1693 fratribus.
909 1660 988 1692 Tuis
1011 1660 1129 1698 sepulti
1151 1661 1306 1693 manibus,

198 1753 206 1761 .
234 1729 354 1771 Gaude,
380 1736 470 1759 sacro
496 1726 646 1759 solamine
852 1727 882 1759 5.
910 1725 1030 1766 Gaude,
1056 1728 1229 1766 martyrum
1251 1727 1430 1766 sanguinem

234 1776 323 1815 Quod
348 1775 407 1807 tibi
431 1775 515 1806 misit
539 1773 702 1813 Dominus,
909 1774 983 1805 Miti
1007 1773 1133 1813 legebas
1158 1773 1298 1815 spongia,

234 1823 316 1855 Dum
342 1831 429 1863 papa
451 1822 527 1853 Pius
552 1820 677 1853 nomine
907 1821 1013 1861 Virgo,
1041 1822 1072 1851 et
1095 1819 1181 1851 facta
1203 1822 1373 1860 martyrem

230 1871 306 1903 Tuis
330 1870 416 1902 subit
439 1869 609 1901 liminibus.
906 1868 1075 1900 Excellant
1098 1876 1181 1899 nunc
1204 1869 1380 1908 praeconia.

199 1965 205 1971 .
234 1937 355 1978 Gaude,
380 1936 463 1976 quod
487 1936 564 1967 trini
588 1934 732 1966 cardines
851 1936 881 1968 6.
907 1935 978 1974 Eja,
1006 1942 1078 1973 ergo
1106 1934 1295 1974 dulcissima,

229 1985 305 2017 Tuis
331 1983 489 2023 refulgent
513 1983 623 2023 tituliS,
906 1981 1117 2021 Major-icense
1141 1981 1295 2021 bravium,

227 2033 307 2065 Inde
330 2034 502 2072 precantur
526 2030 678 2071 homines,
905 2030 950 2062 Ut
975 2029 1078 2061 deleat
1101 2029 1294 2069 peccamina,

226 2080 355 2113 Cunctis
379 2078 510 2111 subveni
535 2077 686 2118 parvulis.
902 2076 1015 2108 Funde
1039 2084 1158 2118 preces,
1183 2085 1240 2108 rex
1264 2076 1429 2116 virginum.

565 2146 595 2177 7.
622 2143 718 2176 Trino
743 2143 835 2176 simul
860 2145 892 2174 et
915 2141 1060 2182 simplici,

620 2192 683 2224 Per
706 2200 798 2231 quem
822 2190 975 2223 Praxedis
1000 2189 1095 2222 hodie

619 2239 741 2272 Vernat
763 2238 858 2271 laude
881 2237 1057 2279 multiplici,

617 2286 728 2319 Honor
752 2287 794 2319 sit
818 2288 849 2317 et
872 2286 940 2318 laus
964 2285 1092 2326 gloriae.

241 2355 326 2382 BreV.
345 2354 540 2389 Majoricense
558 2355 627 2390 imp.
646 2353 780 2381 Venetiis
805 2349 885 2380 1506.

1238 2396 1293 2427 16*
