1651 2518
733 104 984 139 —177—

430 197 460 228 3.
489 196 513 229 Ο
539 205 654 236 quam
679 197 886 238 glorifica
911 199 995 232 facta
1018 200 1182 240 Hispania,

488 243 574 281 Quae
599 244 690 285 liquit
714 255 773 285 per
797 249 918 286 septem
943 245 1057 279 fratres
1079 248 1195 287 inania,

487 289 539 322 Ex
563 290 611 322 his
636 301 697 323 uno
723 293 835 332 gliscat
858 294 910 333 J'us
934 294 1112 334 Arragonia

536 337 726 370 Aeterne
750 349 820 372 rex
845 340 1071 376 altissime.

430 404 462 435 4.
490 403 568 435 San
579 406 739 437 ctorum
764 407 930 438 meritis
957 409 988 437 et
1010 407 1120 439 horum
1144 405 1290 446 precibus

488 449 555 482 Nos
579 460 690 492 purga,
716 452 860 494 Domine,
888 454 1050 485 eriminum
1075 453 1225 496 faecibus,

489 497 549 529 Per
573 507 649 537 quos
675 499 839 531 laudamus
862 510 945 532 nunc
967 501 1059 533 laetis
1086 509 1153 532 cum
1179 499 1321 532 faucibus

533 544 560 575 T
572 553 588 576 e
612 545 722 577 lueis
747 549 844 578 ante
867 547 1097 580 terminum.

429 610 460 642 5.
487 609 727 642 plasmator
751 611 949 656 hominis,
977 613 1076 644 trinus
1103 612 1154 651 qui
1179 621 1258 644 unus
1284 621 1327 643 es.

487 656 624 688 Istorum
648 657 795 697 precibus
820 660 951 698 gratiam
978 659 1067 691 nobis
1095 659 1159 699 deS,

485 702 531 736 Ut
553 703 649 735 simus
675 712 745 735 cum
768 705 857 745 ipsis,
883 706 937 738 ubi
960 709 994 737 tu
1017 706 1103 738 Deus
1129 715 1172 746 es,

532 750 662 782 Lucis
686 755 858 784 creator
882 753 1011 792 optim
1023 761 1049 787 e.

275 813 359 841 Brev.
380 822 432 840 ms.
453 814 632 843 Pinnatense
651 823 725 843 saec.
750 814 792 844 13.
815 815 882 844 Ood.
897 816 1053 845 Scorialen.
1069 818 1092 845 P
1111 817 1157 844 ΠΙ
1181 816 1215 844 12
1237 817 1300 845 add.
1323 825 1398 845 saon..
1420 815 1498 850 ¹³l14.

201 851 234 878 A.
255 866 293 870 —
312 852 395 879 Brev.
416 860 469 879 ms.
482 853 661 881 Pinnatense
681 861 756 880 saec.
774 852 807 882 15
839 854 907 882 Cod.
923 855 1081 883 Scorialen.
1103 855 1117 882 f
1132 855 1175 882 IV
1195 853 1239 882 26.
1254 855 1287 882 B.
1302 870 1339 874 —
1359 854 1385 889 4,
1407 852 1425 882 3
1444 858 1502 882 Per

199 888 274 916 fehlt,
291 888 325 916 A.
346 905 383 909 —-
403 887 429 922 5,
451 887 466 917 1
487 890 538 926 qui
557 890 630 918 fehlt
648 890 682 918 A.

629 1009 695 1041 302.
734 1010 778 1041 De
798 1011 904 1042 sancto
925 1010 1072 1042 Joachim.

738 1078 785 1107 Ad
805 1077 959 1115 Vesperas.

203 1145 233 1177 1.
259 1143 377 1176 Gentes
403 1145 597 1186 redemptae,
624 1145 768 1185 plaudite
882 1147 913 1179 3.
939 1145 1092 1186 conjuges
1117 1146 1168 1177 diu
1194 1146 1318 1178 steriles

258 1190 371 1231 Dignis
396 1191 526 1223 laudum
551 1192 739 1232 praeconiis,
939 1192 1056 1225 Divina
1079 1192 1281 1232 providentia.

260 1238 421 1280 Hymnum
447 1247 560 1271 novum
585 1239 741 1271 concinite
940 1239 1081 1272 Tandem
1108 1238 1210 1271 effecti
1234 1239 1356 1271 fertileu

259 1285 295 1316 In
321 1285 466 1317 Joachim
490 1286 660 1321 solemniis.
937 1287 1076 1319 Pulchra
1100 1286 1237 1319 dotando
1263 1285 1338 1319 filia.

201 1344 231 1374 2.
259 1342 318 1380 Qui
339 1342 466 1381 ,iunctus
493 1344 541 1374 est
566 1342 720 1375 connubio
882 1346 911 1376 4.
940 1344 964 1376 O
991 1342 1134 1374 Joachim
1160 1342 1363 1375 sanctissime.

256 1391 369 1420 Annae
394 1392 557 1421 matronae
581 1390 688 1429 nobili,
937 1389 1062 1422 Mariae
1086 1392 1178 1430 pater
1203 1390 1342 1429 virginis,

255 1436 326 1467 Non
353 1436 456 1467 carnis
483 1437 640 1469 desiderio
940 1437 1042 1477 Solve,
1073 1445 1241 1477 precamur
1265 1437 1384 1470 intime.

255 1482 315 1514 Sed
343 1484 375 1514 in
401 1483 514 1515 timore
539 1483 674 1516 Domini.
937 1484 1019 1523 Quos
1043 1493 1143 1516 nexus
1169 1484 1256 1524 angit
1281 1483 1430 1515 criminis.

594 1542 625 1572 5.
651 1539 863 1579 Astripotenti
888 1539 1023 1571 Domino

653 1586 702 1619 Sit
725 1587 793 1618 laus
820 1589 852 1616 et
875 1586 1064 1626 benedictio,

653 1633 712 1671 Qui
736 1642 792 1665 nos
818 1632 962 1664 Joachim
985 1633 1097 1664 merito

650 1680 836 1712 Sanctorum
862 1680 941 1711 ditet
963 1680 1114 1718 praemio.

264 1742 539 1809 11⁴}‚1·3e?:1.gigenense
565 1745 633 1780 imp.
657 1743 905 1781 Caesaraugustae
933 1742 1013 1772 1547.
1033 1745 1067 1771 A.
1088 1758 1126 1763 ——
1144 1744 1227 1772 Brev.
1244 1744 1404 1773 Illerdense
1429 1746 1498 1781 imp.

198 1791 240 1809 ea.
342 1802 348 1808 .
396 1801 402 1807 .

625 1871 692 1904 303.
731 1873 775 1904 De
794 1873 901 1904 saneto
921 1872 1069 1904 Joachim.

719 1940 767 1970 Ad
787 1940 976 1971 Nocturnum.

198 2012 227 2045 1.
255 2012 387 2051 Plaude,
414 2013 515 2043 mater
540 2011 684 2048 ecelesia,
877 2012 908 2043 3.
936 2010 1000 2042 Sed
1019 2010 1154 2046 Annam.
1181 2012 1308 2041 sanctae
1334 2009 1464 2050 virginis

254 2058 348 2090 Miris
375 2059 519 2090 exultans
544 2058 679 2098 gaudiis,
934 2057 1082 2097 Matrem,
1108 2057 1236 2097 reginae
1259 2057 1425 2096 virginum,
1471 2061 1474 2065 ’

255 2106 338 2138 Dum
366 2106 442 2138 colis
467 2105 612 2138 natalitia
935 2105 1163 2137 Benedicentes
1190 2104 1371 2136 collaudant,

254 2155 425 2186 Parentum
449 2153 523 2193 piae
547 2153 688 2193 virginis,
935 2151 1140 2192 Hymnosque
1166 2152 1273 2183 dulces
1298 2154 1479 2191 personant.

197 2214 228 2247 2.
254 2212 371 2245 Beatus
396 2213 490 2251 pater
514 2209 659 2243 Joachim
878 2211 910 2242 4.
936 2208 1009 2241 Non
1034 2209 1135 2241 minus
1161 2211 1265 2240 autem
1289 2208 1405 2241 viduae

254 2258 514 2293 Patriarcharum
539 2258 680 2290 coetibus
937 2257 1013 2289 Cum
1037 2257 1210 2297 conjugatis
1236 2256 1405 2289 concinunt

253 2307 298 2339 Et
321 2306 549 2347 prophetarum
575 2306 681 2338 cuneis
933 2305 978 2337 Et
1003 2304 1165 2337 efferentes
1189 2303 1335 2337 laudibus

252 2355 399 2387 Vallatus
425 2352 527 2395 fulget
551 2354 691 2387 coelitus.
933 2353 1001 2386 Hos
1023 2353 1107 2385 vitae
1131 2351 1233 2385 fontes
1257 2352 1455 2391 praedicant.

249 2414 375 2442 Drevefl,
391 2412 524 2442 Hymnodia
538 2412 659 2436 Hiberica.
1291 2406 1324 2435 12
