1651 2518
687 129 943 163 —156—

604 220 669 251 263.
708 221 751 251 De
771 220 877 251 sancto
900 219 1020 250 Jacobo.

715 286 763 316 Ad
781 286 907 317 Laudes.

170 357 199 389 1.
226 356 350 389 Laudes
377 356 493 389 Christi
516 356 654 396 psallant
678 356 739 397 isti,
839 356 870 387 4.
896 354 985 386 Tunc
1008 355 1049 386 ad
1074 363 1181 387 verum
1205 356 1312 388 trahet
1337 355 1456 387 coelum

273 403 332 441 Qui
357 407 586 443 consequuntur
611 411 649 442 op
654 411 706 433 ere
943 401 1062 433 Reotor
1086 410 1241 441 supernae
1260 403 1392 443 patriae,

227 450 322 488 Quem
346 450 532 481 monstravit
559 452 590 481 et
615 449 742 480 donavit
897 447 950 479 Sic
976 447 1104 486 dotavit,
1130 458 1220 488 quem
1245 450 1372 489 amavit,

272 496 439 536 Signum
473 496 615 528 crucis
651 496 780 527 mira·
942 494 1129 535 Hymnum
1155 504 1347 527 canamus
1363 496 1454 536 glo-

554 543 574 574 b
584 542 615 573 il
626 551 653 574 e.
1230 543 1265 574 ri
1275 551 1294 574 a
1303 551 1329 576 e.

168 611 198 642 2.
225 609 310 641 Deus
334 612 426 648 pater
450 606 551 640 factus
577 606 677 639 frater
840 609 870 641 5.
896 605 963 638 Fac
986 616 1043 638 nos
1070 607 1163 648 digne
1186 610 1219 639 te
1240 607 1374 648 benigne

269 656 417 687 Formam
434 655 582 687 sumendo
596 662 778 694 pauperum,
943 654 1054 685 Mente
1080 654 1195 686 devota
1219 655 1330 695 colere,

223 703 260 734 In
285 711 346 741 qua
366 701 480 734 fortem
496 702 623 733 vincens
648 705 779 733 mortem
896 700 940 732 Ut
965 701 1008 732 sis
1033 701 1084 733 via
1108 701 1198 733 nobis
1223 701 1285 744 pia,

271 748 472 780 Conditor
488 749 583 780 alme
599 748 779 780 siderum.
941 747 1064 779 Lucis
1091 751 1262 780 creator
1287 749 1454 788 optime.

167 816 197 847 3.
224 814 276 846 Sic
301 822 438 853 superna
458 816 522 845 stat
545 814 673 845 lucerna
840 814 872 845 6.
898 811 997 844 Nobis
1022 814 1137 844 trinam
1163 813 1204 845 da
1230 813 1413 851 doctrinam,

270 862 290 893 J
292 860 407 892 acobus
432 860 632 899 apostolicus,
942 859 1096 899 Apostole
1119 860 1324 899 sanctissime,

225 907 330 938 Verba
355 908 439 939 vitae
465 907 568 939 dando
594 907 655 939 rite
894 906 940 939 Ut
963 906 1119 938 salvemur
1144 910 1175 938 et
1200 915 1353 945 ornemur,

268 954 779 995 Veni,creatorspiritus.
941 954 1211 985 Aeternerex
1227 954 1451 987 altissime.

237 1019 320 1047 Brev.
340 1028 392 1046 ms.
414 1017 675 1054 compostellanum
697 1026 770 1046 saec.
793 1016 836 1045 15.
858 1017 926 1046 Coti.
948 1017 1039 1053 Capit.
1063 1017 1248 1053 Compostell.
1268 1026 1290 1045 s.
1311 1027 1339 1045 n.
1360 1019 1394 1046 A.
1414 1032 1451 1036 —

167 1057 252 1084 Brev.
273 1056 422 1091 Burgense
439 1057 508 1091 imp.
528 1065 551 1082 s.
569 1055 590 1083 1.
606 1058 636 1083 et
654 1064 680 1083 a.
700 1057 733 1083 B.
762 1071 790 1075 —
809 1053 835 1090 3,
857 1054 876 1082 2
896 1056 1044 1090 apostolus
1057 1055 1116 1082 AB.
1137 1071 1173 1075 —
1191 1055 1218 1089 6,
1241 1054 1256 1082 1
1276 1056 1315 1083 da
1331 1056 1405 1083 fehlt
1417 1056 1451 1082 A.

598 1175 663 1205 264.
702 1175 746 1206 De
765 1175 870 1205 sancto
890 1174 1012 1206 Jacobo.

699 1239 747 1270 Ad
766 1240 918 1278 Vesperas.

165 1310 196 1342 1.
221 1309 323 1341 Adest
347 1309 413 1340 dies
438 1308 634 1340 sanctissima
837 1310 868 1341 3.
894 1308 973 1340 Post
995 1310 1127 1340 mortem
1151 1308 1185 1339 in
1208 1307 1395 1347 Hispaniam

221 1355 346 1386 Virtute
370 1363 461 1387 sacra
485 1355 662 1396 splendida,
893 1354 1010 1386 Missus
1034 1354 1072 1386 fit
1095 1363 1133 1386 ex
1157 1354 1314 1394 prodigio,

222 1404 289 1442 Qua
309 1403 446 1435 Jacobus
472 1401 684 1433 sanctissimus
892 1401 946 1433 Ad
973 1401 1099 1433 deitatis
1123 1402 1254 1441 gloriam

221 1450 359 1481 Locatur
380 1449 413 1480 in
437 1449 633 1480 coelestibus.
891 1447 995 1480 Mirae
1019 1451 1124 1480 terrae
1149 1447 1319 1481 conversio.

163 1515 194 1547 2.
220 1514 282 1547 Hic
307 1513 424 1546 Christi
448 1513 692 1554 consanguineus
835 1515 867 1546 4.
892 1512 943 1545 Ab
967 1513 1122 1545 universis
1149 1514 1260 1545 colitur

223 1562 272 1593 Ao
308 1564 498 1593 secretorum
522 1560 671 1600 conscius,
892 1559 972 1599 Ejus
996 1560 1141 1592 miranda
1164 1559 1296 1601 fabrica,

223 1608 318 1640 Sacro
346 1607 537 1640 duodenario
891 1606 934 1639 Et
958 1607 1041 1646 quod
1067 1606 1178 1639 devote
1202 1608 1330 1649 petitur,

225 1655 401 1687 Praecessit
423 1655 456 1685 in
478 1653 639 1694 martyrio.
893 1653 948 1685 Fit
970 1656 1127 1692 potestate
1153 1655 1279 1686 coelica.

553 1721 583 1752 5.
606 1718 677 1750 Lux
701 1722 733 1751 et
758 1719 852 1750 decus
875 1718 1058 1758 Hispaniae,

612 1765 735 1798 Christo
759 1775 817 1805 pro
839 1765 929 1798 nobis
955 1765 1049 1797 hodie

609 1812 721 1844 Funde
743 1821 864 1853 preces,
890 1815 925 1844 ut
947 1812 1071 1844 veniam

611 1859 842 1900 Gonsequamur
867 1864 898 1892 et
922 1859 1063 1898 gloriam.

237 1926 319 1952 Brev.
340 1933 392 1952 ms.
412 1924 584 1952 Zamorense
606 1932 680 1951 saec.
703 1922 746 1952 15.
765 1924 832 1951 Cod.
848 1924 941 1960 Capit.
955 1924 1103 1952 Zamoren.
1124 1932 1145 1950 s.
1166 1933 1194 1951 n.
1215 1937 1252 1942 ——
1272 1922 1297 1957 5,
1321 1923 1335 1951 1
1356 1925 1380 1953 Ο
1400 1924 1451 1951 lux

163 1964 191 1989 et
215 1962 315 1996 decus3
344 1962 486 1989 entweder
511 1964 551 1990 ist
569 1962 593 1991 O
620 1970 656 1988 zu
675 1961 888 1990 unterdriicken
907 1961 975 1988 oder
995 1960 1123 1997 Spanjae
1142 1964 1213 1988 statt
1232 1961 1395 1997 Hispaniae
1414 1972 1451 1989 zu

160 1999 249 2027 lesen.

603 2090 668 2121 265.
707 2091 750 2122 De
769 2091 873 2121 saneto
893 2089 1014 2121 Jacoho.

675 2158 723 2187 Ad
741 2156 930 2187 Nocturnum.

165 2226 195 2259 1.
222 2226 342 2267 Gaude,
368 2226 446 2259 felix
471 2227 634 2268 collegium
834 2230 864 2261 2.
889 2226 1063 2259 Jerusalem
1089 2226 1243 2259 occiditur

218 2274 335 2306 Felicis
359 2282 441 2306 nunc
466 2275 616 2306 ecclesiae
887 2273 938 2306 Ab
963 2273 1092 2305 Herode
1115 2274 1267 2314 sacrilego

218 2320 263 2352 Et
284 2321 365 2352 tanti
391 2322 471 2353 dono
496 2322 617 2361 gratiae
893 2320 974 2353 Nam
999 2320 1145 2362 JacobUS‚
1169 2324 1206 2352 ut
1228 2321 1353 2363 legitur,

221 2367 366 2399 Solemne
392 2369 446 2400 des
471 2367 617 2402 officium.
891 2367 936 2400 Et
959 2367 1201 2408 compostellam
1226 2369 1362 2405 vehitur.
