1651 2518
656 104 913 136 —111—

461 209 521 240 169.
559 211 603 241 De
622 212 728 242 saneto
748 210 902 241 Dominio«)
922 209 1100 240 Exsiliensi.

634 277 682 305 Ad
702 277 928 306 Processionem.

140 342 171 373 1.
199 341 333 373 Consors
357 341 435 372 lucis
461 342 679 381 sempiternae,
813 344 845 375 4.
872 342 938 380 Quo
962 342 1140 372 sanctorum
1166 338 1380 371 confessorum

245 386 404 419 confessor
427 387 602 425 Dominice‚
919 389 1080 418 consertus
1106 395 1138 417 es
1163 386 1292 426 gloriae,

197 433 433 472 Contemplator
456 442 594 465 summae
619 434 713 475 vitae,
870 433 955 466 Ordo
980 436 1051 464 tuus
1076 441 1137 463 non
1163 436 1195 463 te
1219 432 1295 463 sinit

241 482 363 512 nostras
388 488 480 511 voces
504 481 639 519 suscipe.
915 480 1019 519 gregis
1046 481 1117 510 vota
1141 486 1300 518 spernere.

137 549 167 579 2.
195 545 256 577 Sed
283 549 314 577 te
338 546 462 578 Christo
487 545 685 584 supplicante
810 547 841 577 5.
869 544 966 582 Quem
991 544 1114 583 indigni
1137 542 1325 583 profitemur

241 602 299 632 pro
322 592 412 624 nobis
437 592 564 624 assidue
915 591 984 622 sola
1007 590 1076 622 fere
1099 590 1215 631 speeie,

194 641 402 674 Postulamus.
426 641 462 670 ut
485 647 632 678 queamus
866 638 948 670 Dum
975 640 1146 676 cantamus,
1175 637 1247 668 dum
1267 636 1429 669 laudamus

238 697 257 719 a
281 687 418 727 peccatis
443 694 580 726 surgere.
914 687 1072 717 auctorem
1094 684 1246 724 justitiae.

141 755 170 786 3.
199 752 313 785 Confer
336 761 438 784 mores
462 752 600 791 potiores
811 753 841 784 6.
866 750 944 790 Fac,
971 753 1006 782 ut
1029 750 1133 783 latens
1157 751 1239 783 bene
1262 752 1374 790 patens

242 798 337 831 fultos
362 800 427 832 vita
451 799 579 839 coelibe,
914 798 957 830 sit
980 807 1033 830 cor
1057 798 1127 830 voci
1152 798 1264 839 simile,

196 847 278 886 Quos
303 849 407 878 reatus
431 848 589 879 veteratus
867 846 993 879 Fovens
1017 848 1137 877 mentes
1162 849 1194 878 te
1220 845 1358 877 colentes

239 893 382 934 inquinat
404 893 554 934 quotidie.
914 893 1042 932 pietatis
1067 891 1187 933 fomite,

569 959 623 991 Ad
648 968 786 1000 superna
808 962 911 991 tecum
939 968 1037 999 regna

622 1007 682 1038 duc
707 1015 764 1039 nos
789 1009 876 1039 recto
901 1007 1038 1039 tramite.

208 1072 339 1107 Vergara
362 1072 382 1099 1.
412 1081 435 1099 c.
462 1080 489 1107 p.
516 1069 572 1099 460
602 1080 654 1100 aus
680 1072 830 1100 derselben
856 1071 1054 1100 Handsehrift-
1093 1072 1151 1099 Die
1170 1071 1361 1099 Almlichkeit
1380 1071 1432 1098 der

135 1109 300 1145 poetischen
320 1109 445 1137 Diktion
464 1110 518 1136 mit
537 1110 587 1137 der
607 1110 657 1137 <les
676 1109 931 1144 vorhergehenden
952 1110 1086 1145 Hymnus
1112 1109 1181 1137 lasse
1199 1117 1254 1136 uns
1275 1108 1350 1136 auch
1369 1108 1429 1136 hier

134 1148 234 1174 Petrus
253 1156 311 1175 von
332 1147 448 1175 Huesca
467 1147 510 1174 als
526 1148 677 1176 Verfasser
696 1150 855 1175 vermuten.

553 1248 614 1280 170.
654 1249 697 1280 De
719 1249 829 1280 sancta
847 1247 1019 1280 Elisabeth.

455 1328 486 1360 1.
513 1328 630 1360 visitat
653 1328 752 1369 virgo,
778 1327 838 1359 Dei
864 1329 966 1359 mater
988 1328 1082 1367 alma,

510 1375 646 1407 Matrem
672 1375 804 1407 Joannis
828 1374 1017 1406 Helisabeth
1041 1377 1193 1413 sanctam,

508 1422 656 1454 Exsultat
679 1422 784 1454 infans
808 1425 960 1461 uteroque
983 1422 1093 1454 matris

558 1471 722 1501 Venerans
745 1468 915 1501 Christum.

451 1536 483 1568 2.
510 1535 632 1575 Spiritu
656 1539 764 1567 sancto
789 1534 974 1567 Helisabeth
1000 1536 1096 1575 plena

514 1582 674 1622 Conspicit
698 1583 815 1614 mirans
840 1583 963 1615 tantum
986 1582 1048 1614 Dei
1074 1582 1187 1613 donum

516 1629 585 1661 Sibi
610 1630 768 1668 collatum,
795 1629 907 1661 summi
929 1629 992 1660 Dei
1015 1632 1149 1660 matrem

559 1677 696 1709 Cernere
719 1678 864 1708 stantem.

457 1741 488 1772 3.
514 1740 609 1772 Unde
633 1740 694 1771 hoc
715 1740 804 1779 mihi,
832 1740 937 1772 veniat
960 1741 1001 1772 ad
1026 1749 1150 1772 servam

515 1786 662 1819 Genitrix
685 1787 747 1819 Dei
770 1790 940 1826 penetrans
964 1790 1112 1819 montana

516 1834 656 1865 Pretium
681 1833 790 1865 mundi
815 1833 1009 1874 afferensque
1033 1834 1123 1866 nobis

558 1881 658 1914 Utero
680 1882 799 1913 sancto.

455 1948 486 1980 4.
513 1947 616 1987 Hujus
642 1946 781 1988 obtentu,
808 1946 894 1978 Deus
918 1947 1009 1989 alme,
1032 1948 1151 1980 nostris

514 1995 616 2027 Parce
639 1994 706 2034 J'am
732 1993 832 2032 culpis
855 1993 933 2026 vitia
957 1995 1131 2036 remittens,

512 2043 578 2082 Quo
603 2041 663 2073 tibi
687 2040 760 2081 puri
785 2049 965 2072 resonemus
989 2042 1105 2073 almum

560 2089 702 2121 Pectoris
727 2089 886 2128 hymnum.

453 2157 485 2190 5.
514 2155 624 2188 Gloria
648 2155 734 2195 patri
758 2154 945 2194 genitaeque
969 2154 1051 2194 proli

511 2203 557 2235 Et
579 2202 648 2246 tibi,
677 2210 805 2242 compar
828 2202 993 2240 utriusque
1016 2211 1142 2242 semper

510 2250 649 2290 Spiritus
673 2250 763 2291 alme,
791 2248 878 2280 Deus
903 2257 982 2280 unus
1008 2249 1092 2281 omni

557 2298 713 2336 Tempore
738 2295 844 2328 saecli.

213 2364 299 2391 Brev.
320 2363 512 2400 Seguntinum
532 2364 601 2399 imp²
622 2362 781 2398 Seguntiae
802 2358 884 2389 1561.
900 2376 935 2380 —
957 2359 982 2395 2,
1004 2360 1021 2389 2
1042 2361 1205 2398 Corripitur
1224 2365 1343 2393 mirans,
