1651 2518
725 93 979 127 —232—

632 210 697 242 407.
735 209 778 240 De
800 209 906 242 sancto
926 209 1057 241 Nicolao.

738 283 785 314 Ad
804 284 959 323 Vesperas.

205 361 235 394 1.
262 362 286 394 O
313 363 388 394 cleri
414 362 535 403 fulgens
561 363 670 402 lilium,
878 365 908 394 2.
935 362 1112 396 Thesauros
1136 367 1205 396 tuos
1230 364 1318 404 aperi

262 409 286 441 Ο
310 411 489 448 praesulum
512 410 645 449 laetitia,
936 410 1002 441 Nos
1027 412 1081 442 tua
1106 411 1209 442 ditans
1234 411 1347 451 gratia,

260 456 296 487 In
323 456 383 488 hac
405 457 495 488 nobis
520 456 651 488 tristitia
935 455 1106 488 vincamur
1129 465 1170 489 ne
1194 456 1321 489 fallacia

263 502 416 535 Succurre
442 504 519 535 dans
545 503 704 535 auxilium.
935 503 1079 535 Crudelis
1105 503 1203 536 hostis
1227 503 1333 536 inferi.

279 578 362 604 Brev.
383 585 434 604 ms.
454 577 612 605 Illerdense
631 584 706 604 saec.
729 575 772 604 14.
802 577 871 604 Cod.
893 576 985 613 Capit.
1009 576 1142 605 Illerden.
1167 575 1209 604 12.
1230 578 1262 604 A.
1284 593 1315 597 —-
1340 577 1423 605 BreV.
1442 585 1494 604 ms.

204 613 364 641 Illerdense
384 616 453 641 anni
474 612 555 642 1451.
586 614 655 641 Cod.
676 614 771 649 Capit.
791 613 926 642 mercen.
947 624 969 642 s.
989 623 1018 641 n.
1038 615 1072 642 B.
1093 629 1128 633 —-
1149 615 1231 642 Brev.
1250 614 1409 642 Illert‘lense
1426 616 1495 650 imp.

203 650 328 678 merdae
353 649 432 678 1479.
455 652 485 679 Ο.
513 666 548 670 -
568 653 652 679 Brev.
673 651 830 679 mei-dense
853 654 921 688 imp.
947 659 989 680 ca.
1021 649 1101 680 1533.
1121 652 1158 680 D.
1198 669 1216 672 —
1239 653 1300 680 Der
1328 652 1406 679 volle
1423 652 1497 679 Text

204 688 277 715 nach
299 688 321 716 (J
341 688 430 715 findet
449 690 510 716 sich
529 689 619 717 sehon
638 689 722 716 Anal.
744 690 809 724 XII,
831 687 887 717 214
906 698 948 725 sq.
992 690 1152 717 Varianten
1170 689 1264 717 keine.

635 836 703 868 408.
742 837 786 868 De
807 836 914 867 sancto
935 836 1065 867 Nicolao.

717 911 765 941 Ad
783 911 971 942 Nocturnum.

209 989 237 1021 1.
263 988 435 1020 Exsultans
458 997 559 1028 prava
584 988 710 1021 deserat
877 991 909 1023 4.
934 989 1094 1021 Virtutum
1117 990 1235 1021 micans
1257 987 1388 1023 floribus

264 1034 385 1067 Fidelis
408 1035 498 1075 plebs
524 1036 680 1067 consortia
937 1036 1074 1068 Honoris
1098 1036 1224 1067 scandit
1246 1036 1357 1068 solium

266 1082 303 1113 In
328 1085 434 1113 mente
457 1090 567 1121 gerens
591 1080 697 1125 fortia,
936 1082 1092 1121 Subjeetis
1116 1083 1254 1115 candens
1279 1083 1397 1115 dolium

263 1129 348 1167 Quae
372 1128 521 1160 Nicolaus
546 1132 694 1168 gesserat.
936 1128 1101 1161 Refectum
1125 1130 1223 1161 sacris
1247 1130 1396 1163 moribus,

207 1214 237 1244 z.
263 1211 301 1243 In
326 1213 411 1244 cunis
433 1213 541 1251 jacens
566 1213 718 1245 scelerum
880 1215 909 1247 5.
937 1214 1090 1246 Occurrat
1114 1222 1187 1254 ergo
1213 1212 1339 1246 fortiter

264 1258 422 1298 Resurgat
444 1262 480 1290 ut
504 1260 640 1291 sollicita
938 1261 973 1292 In
997 1269 1032 1292 se
1055 1261 1155 1292 servis
1180 1262 1381 1300 sperantibus

261 1304 306 1336 Et
326 1305 367 1336 ad
392 1307 530 1345 gerenda
552 1306 640 1338 licita
934 1307 977 1338 Et
1002 1316 1091 1339 suum
1114 1308 1363 1340 collaudantibus

263 1352 413 1384 Immutet
436 1361 575 1392 gressum
599 1353 761 1386 scelerum.
937 1354 1092 1385 Devotum
1119 1353 1232 1386 festum
1256 1355 1383 1395 jugiter.

210 1437 242 1468 3.
269 1434 388 1467 Gerens
413 1435 505 1475 hujus
530 1436 686 1478 operibus,
883 1439 912 1470 6.
939 1438 1084 1469 Praestet
1106 1442 1198 1477 pater
1221 1439 1379 1480 ingenitus

268 1482 326 1521 Qui
350 1482 383 1513 in
407 1485 510 1514 aetate
534 1485 642 1515 tenera
940 1485 1002 1517 Per
1026 1484 1150 1517 Nicolai
1174 1487 1296 1527 merita,

265 1528 404 1561 Naturae
428 1529 504 1561 vicit
527 1538 642 1569 genera
939 1532 985 1564 Ut
1008 1534 1139 1570 peecata
1162 1533 1336 1572 praeterita

268 1575 367 1607 Parce
390 1579 481 1608 utens
505 1576 662 1611 uberibus,
939 1577 1009 1609 Sint
1032 1577 1123 1609 nobis
1150 1579 1276 1618 dempta
1300 1580 1434 1619 penitus.

282 1650 366 1676 Brev.
386 1657 438 1676 ms.
458 1650 616 1678 Illerdense
636 1658 710 1678 saec.
732 1648 775 1678 14.
806 1650 876 1677 Cod.
897 1649 990 1686 Capit.
1010 1651 1145 1679 Illerden.
1167 1650 1211 1679 12.
1231 1654 1265 1680 A.
1285 1667 1323 1672 —
1342 1655 1426 1682 Brev.
1446 1663 1498 1682 ms.

208 1685 365 1714 Illerdense
387 1688 456 1714 anni
478 1686 558 1715 1451.
589 1688 656 1716 Cod.
679 1688 771 1723 Capit.
791 1687 925 1716 Illerden.
947 1697 970 1716 s.
990 1696 1017 1714 n.
1039 1689 1071 1716 Β.
1092 1703 1128 1707 -
1148 1690 1232 1717 Brev.
1252 1691 1411 1719 Illerdense
1430 1694 1498 1728 imp.

206 1723 330 1751 Ilici-dae
355 1722 435 1752 1579.
457 1725 487 1752 C.
508 1740 544 1745 -—
563 1726 646 1753 Brev.
666 1725 824 1753 Illerdense
846 1727 914 1761 imp.
942 1734 984 1753 ca.
1014 1724 1094 1754 1533.
1114 1727 1150 1754 D.
1176 1742 1212 1745 —
1240 1726 1270 1762 2,
1301 1728 1315 1756 1
1335 1730 1371 1757 In
1399 1731 1498 1757 cuneis

207 1761 291 1825 lABG.
314 1775 351 1826 i—
380 1760 408 1796 2,
438 1759 456 1788 2
477 1763 611 1791 Resultat
631 1764 662 1790 B.
690 1777 726 1782 -—
746 1761 777 1798 2,
808 1760 826 1790 3
845 1763 998 1799 gerendam
1021 1762 1052 1792 O.
1072 1780 1075 1783 -
1129 1762 1161 1799 2,
1182 1763 1201 1791 4
1219 1766 1358 1794 scelerum
1382 1767 1498 1800 ABCD;

220 1800 260 1825 ies
281 1807 313 1826 ce
325 1801 425 1827 erum?

652 1937 720 1968 409.
758 1938 801 1968 De
819 1937 925 1968 saneto
945 1937 1055 1969 odone.

739 2013 786 2042 Ad
808 2012 961 2051 Vesperas.

212 2090 226 2121 1
267 2089 382 2131 Pange,
409 2089 524 2131 lingua,
550 2091 678 2130 gloriosi
884 2094 914 2125 2.
941 2091 1002 2123 Hic
1026 2093 1144 2124 virtute
1169 2095 1309 2127 caritatis

317 2135 475 2168 Praesulis
500 2136 637 2169 officium
987 2138 1138 2178 Fervens‚
1166 2150 1204 2172 ex
1230 2142 1409 2175 sublimium

267 2182 312 2213 Et
332 2184 458 2221 patroni
482 2185 613 2216 virtuosi
942 2184 1049 2225 Stirpe
1073 2189 1173 2227 natus,
1201 2190 1356 2221 castitatis

314 2230 456 2262 Decanta
479 2231 690 2271 praeconium,
989 2232 1172 2273 Exemplar,
1197 2234 1360 2268 humilium

269 2275 314 2307 Ut
336 2275 486 2316 implores
512 2279 578 2317 ejus
602 2287 698 2318 prece
941 2279 1061 2311 Norma
1084 2278 1196 2321 factus,
1222 2283 1371 2315 vanitatis

317 2322 432 2355 Christi
458 2326 673 2363 patrocinium.
987 2325 1181 2368 Contempsit
1205 2330 1379 2370 vestigium.
