<?xml version="1.0" encoding="UTF-8"?>
<!DOCTYPE html PUBLIC "-//W3C//DTD XHTML 1.0 Transitional//EN"
    "http://www.w3.org/TR/xhtml1/DTD/xhtml1-transitional.dtd">
<html xmlns="http://www.w3.org/1999/xhtml" xml:lang="en" lang="en">
 <head>
  <title>
</title>
<meta http-equiv="Content-Type" content="text/html;charset=utf-8" />
  <meta name='ocr-system' content='tesseract 3.04.00' />
  <meta name='ocr-capabilities' content='ocr_page ocr_carea ocr_par ocr_line ocrx_word'/>
</head>
<body>
  <div class='ocr_page' id='page_1' title='image "./analectahymnica16drevuoft_00067.png"; bbox 0 0 1651 2518; ppageno 0'>
   <div class='ocr_carea' id='block_1_1' title="bbox 260 1194 965 1228">
    <p class='ocr_par' dir='ltr' id='par_1_1' title="bbox 260 1194 965 1228">
     <span class='ocr_line' id='line_1_1' title="bbox 260 1194 965 1228; baseline -0.001 0"><span class='ocrx_word' id='word_1_1' title='bbox 260 1197 291 1228; x_wconf 74' lang='lat'>⁶.</span> <span class='ocrx_word' id='word_1_2' title='bbox 317 1195 433 1227; x_wconf 89' lang='lat' dir='ltr'>Abdon</span> <span class='ocrx_word' id='word_1_3' title='bbox 458 1197 489 1225; x_wconf 79' lang='lat' dir='ltr'>et</span> <span class='ocrx_word' id='word_1_4' title='bbox 513 1194 636 1226; x_wconf 87' lang='lat' dir='ltr'>Sennen</span> <span class='ocrx_word' id='word_1_5' title='bbox 661 1197 823 1227; x_wconf 78' lang='lat' dir='ltr'>stemmate</span> <span class='ocrx_word' id='word_1_6' title='bbox 936 1197 965 1227; x_wconf 88' lang='lat'>5.</span> 
     </span>
    </p>
   </div>
   <div class='ocr_carea' id='block_1_2' title="bbox 787 112 1015 146">
    <p class='ocr_par' dir='ltr' id='par_1_2' title="bbox 787 112 1015 146">
     <span class='ocr_line' id='line_1_2' title="bbox 787 112 1015 146; baseline -0.009 -8"><span class='ocrx_word' id='word_1_7' title='bbox 787 112 1015 146; x_wconf 71' lang='lat'>—64—</span> 
     </span>
    </p>
   </div>
   <div class='ocr_carea' id='block_1_3' title="bbox 687 202 1123 234">
    <p class='ocr_par' dir='ltr' id='par_1_3' title="bbox 687 202 1123 234">
     <span class='ocr_line' id='line_1_3' title="bbox 687 202 1123 234; baseline -0.002 0"><span class='ocrx_word' id='word_1_8' title='bbox 687 203 731 234; x_wconf 83' lang='lat'>76.</span> <span class='ocrx_word' id='word_1_9' title='bbox 770 203 813 234; x_wconf 86' lang='lat' dir='ltr'>De</span> <span class='ocrx_word' id='word_1_10' title='bbox 836 202 974 233; x_wconf 81' lang='lat' dir='ltr'>Omnibus</span> <span class='ocrx_word' id='word_1_11' title='bbox 995 203 1123 234; x_wconf 75' lang='lat' dir='ltr'>Sanctis.</span> 
     </span>
    </p>
   </div>
   <div class='ocr_carea' id='block_1_4' title="bbox 311 272 1329 359">
    <p class='ocr_par' dir='ltr' id='par_1_4' title="bbox 311 272 1329 359">
     <span class='ocr_line' id='line_1_4' title="bbox 311 272 1293 314; baseline -0.003 -7"><span class='ocrx_word' id='word_1_12' title='bbox 311 275 342 307; x_wconf 84' lang='lat'>1.</span> <span class='ocrx_word' id='word_1_13' title='bbox 369 275 525 314; x_wconf 79' lang='lat' dir='ltr'>Tempore</span> <span class='ocrx_word' id='word_1_14' title='bbox 549 281 608 313; x_wconf 80' lang='lat' dir='ltr'>quo</span> <span class='ocrx_word' id='word_1_15' title='bbox 633 273 757 313; x_wconf 85' lang='lat' dir='ltr'>seritur,</span> <span class='ocrx_word' id='word_1_16' title='bbox 781 272 865 311; x_wconf 82' lang='lat' dir='ltr'>quod</span> <span class='ocrx_word' id='word_1_17' title='bbox 887 272 919 303; x_wconf 87' lang='lat' dir='ltr'>in</span> <span class='ocrx_word' id='word_1_18' title='bbox 945 280 1017 303; x_wconf 84' lang='lat' dir='ltr'>arce</span> <span class='ocrx_word' id='word_1_19' title='bbox 1037 273 1104 311; x_wconf 75' lang='lat' dir='ltr'>poli</span> <span class='ocrx_word' id='word_1_20' title='bbox 1127 273 1293 312; x_wconf 79' lang='lat' dir='ltr'>reperitur,</span> 
     </span>
     <span class='ocr_line' id='line_1_5' title="bbox 367 318 1329 359; baseline -0.001 -7"><span class='ocrx_word' id='word_1_21' title='bbox 367 321 493 353; x_wconf 78' lang='lat' dir='ltr'>Semina</span> <span class='ocrx_word' id='word_1_22' title='bbox 517 323 626 351; x_wconf 85' lang='lat' dir='ltr'>sancta</span> <span class='ocrx_word' id='word_1_23' title='bbox 650 322 766 359; x_wconf 84' lang='lat' dir='ltr'>serunt,</span> <span class='ocrx_word' id='word_1_24' title='bbox 791 318 874 349; x_wconf 84' lang='lat' dir='ltr'>bona</span> <span class='ocrx_word' id='word_1_25' title='bbox 899 319 1058 358; x_wconf 88' lang='lat' dir='ltr'>colicaque</span> <span class='ocrx_word' id='word_1_26' title='bbox 1082 319 1143 351; x_wconf 90' lang='lat' dir='ltr'>sibi</span> <span class='ocrx_word' id='word_1_27' title='bbox 1168 322 1329 358; x_wconf 87' lang='lat' dir='ltr'>quaerunt.</span> 
     </span>
    </p>
   </div>
   <div class='ocr_carea' id='block_1_5' title="bbox 309 383 1270 474">
    <p class='ocr_par' dir='ltr' id='par_1_5' title="bbox 309 383 1270 474">
     <span class='ocr_line' id='line_1_6' title="bbox 309 383 1269 425; baseline -0.004 -7"><span class='ocrx_word' id='word_1_28' title='bbox 309 388 341 418; x_wconf 86' lang='lat'>2.</span> <span class='ocrx_word' id='word_1_29' title='bbox 368 385 554 425; x_wconf 85' lang='lat' dir='ltr'>Despiciunt</span> <span class='ocrx_word' id='word_1_30' title='bbox 577 385 725 416; x_wconf 88' lang='lat' dir='ltr'>mundum</span> <span class='ocrx_word' id='word_1_31' title='bbox 750 384 850 416; x_wconf 86' lang='lat' dir='ltr'>sancti</span> <span class='ocrx_word' id='word_1_32' title='bbox 873 384 1031 424; x_wconf 85' lang='lat' dir='ltr'>miserum,</span> <span class='ocrx_word' id='word_1_33' title='bbox 1056 383 1269 424; x_wconf 84' lang='lat' dir='ltr'>furibundum,</span> 
     </span>
     <span class='ocr_line' id='line_1_7' title="bbox 364 430 1270 474; baseline -0.001 -11"><span class='ocrx_word' id='word_1_34' title='bbox 364 432 508 472; x_wconf 87' lang='lat' dir='ltr'>Dumque</span> <span class='ocrx_word' id='word_1_35' title='bbox 533 431 643 472; x_wconf 78' lang='lat' dir='ltr'>tugant</span> <span class='ocrx_word' id='word_1_36' title='bbox 665 432 779 474; x_wconf 79' lang='lat' dir='ltr'>hostes,</span> <span class='ocrx_word' id='word_1_37' title='bbox 805 433 948 462; x_wconf 81' lang='lat' dir='ltr'>reserant</span> <span class='ocrx_word' id='word_1_38' title='bbox 971 431 1050 462; x_wconf 90' lang='lat' dir='ltr'>coeli</span> <span class='ocrx_word' id='word_1_39' title='bbox 1074 430 1134 462; x_wconf 89' lang='lat' dir='ltr'><strong>sibi</strong></span> <span class='ocrx_word' id='word_1_40' title='bbox 1156 433 1270 469; x_wconf 83' lang='lat' dir='ltr'>postes,</span> 
     </span>
    </p>
   </div>
   <div class='ocr_carea' id='block_1_6' title="bbox 309 495 1293 581">
    <p class='ocr_par' dir='ltr' id='par_1_6' title="bbox 309 495 1293 581">
     <span class='ocr_line' id='line_1_8' title="bbox 309 495 1293 539; baseline -0.005 -9"><span class='ocrx_word' id='word_1_41' title='bbox 309 502 339 530; x_wconf 67' lang='grc' dir='ltr'>ω’.</span> <span class='ocrx_word' id='word_1_42' title='bbox 367 497 512 529; x_wconf 83' lang='lat' dir='ltr'>Praemia</span> <span class='ocrx_word' id='word_1_43' title='bbox 537 497 609 527; x_wconf 88' lang='lat' dir='ltr'>dum</span> <span class='ocrx_word' id='word_1_44' title='bbox 636 498 774 539; x_wconf 78' lang='lat' dir='ltr'>cernunt,</span> <span class='ocrx_word' id='word_1_45' title='bbox 802 495 903 526; x_wconf 87' lang='lat' dir='ltr'>carnis</span> <span class='ocrx_word' id='word_1_46' title='bbox 930 495 1119 527; x_wconf 80' lang='lat' dir='ltr'>cruciamina</span> <span class='ocrx_word' id='word_1_47' title='bbox 1142 498 1293 534; x_wconf 87' lang='lat' dir='ltr'>spernunt</span> 
     </span>
     <span class='ocr_line' id='line_1_9' title="bbox 367 541 1155 581; baseline -0.003 -6"><span class='ocrx_word' id='word_1_48' title='bbox 367 543 521 576; x_wconf 91' lang='lat' dir='ltr'>Cordibus</span> <span class='ocrx_word' id='word_1_49' title='bbox 546 546 578 574; x_wconf 76' lang='lat' dir='ltr'>et.</span> <span class='ocrx_word' id='word_1_50' title='bbox 599 543 691 574; x_wconf 84' lang='lat' dir='ltr'>laetis</span> <span class='ocrx_word' id='word_1_51' title='bbox 716 543 850 574; x_wconf 80' lang='lat' dir='ltr'>subeunt</span> <span class='ocrx_word' id='word_1_52' title='bbox 870 542 1011 581; x_wconf 86' lang='lat' dir='ltr'>jucunda</span> <span class='ocrx_word' id='word_1_53' title='bbox 1033 541 1155 581; x_wconf 84' lang='lat' dir='ltr'>quietiS.</span> 
     </span>
    </p>
   </div>
   <div class='ocr_carea' id='block_1_7' title="bbox 306 603 1443 693">
    <p class='ocr_par' dir='ltr' id='par_1_7' title="bbox 306 603 1443 693">
     <span class='ocr_line' id='line_1_10' title="bbox 306 603 1288 649; baseline -0.004 -9"><span class='ocrx_word' id='word_1_54' title='bbox 306 610 339 640; x_wconf 69' lang='lat'>4.</span> <span class='ocrx_word' id='word_1_55' title='bbox 365 608 500 640; x_wconf 77' lang='lat' dir='ltr'>Verticis</span> <span class='ocrx_word' id='word_1_56' title='bbox 526 607 663 639; x_wconf 75' lang='lat' dir='ltr'>evadunt</span> <span class='ocrx_word' id='word_1_57' title='bbox 685 608 779 647; x_wconf 84' lang='lat' dir='ltr'>mala,</span> <span class='ocrx_word' id='word_1_58' title='bbox 803 606 922 638; x_wconf 82' lang='lat' dir='ltr'>Christi</span> <span class='ocrx_word' id='word_1_59' title='bbox 945 615 1004 646; x_wconf 85' lang='lat' dir='ltr'>per</span> <span class='ocrx_word' id='word_1_60' title='bbox 1028 607 1111 638; x_wconf 87' lang='lat' dir='ltr'>hona</span> <span class='ocrx_word' id='word_1_61' title='bbox 1135 603 1288 649; x_wconf 81' lang='lat' dir='ltr'>[vadunt],</span> 
     </span>
     <span class='ocr_line' id='line_1_11' title="bbox 365 652 1443 693; baseline -0.003 -7"><span class='ocrx_word' id='word_1_62' title='bbox 365 656 469 687; x_wconf 76' lang='lat' dir='ltr'>Pauca</span> <span class='ocrx_word' id='word_1_63' title='bbox 493 656 609 692; x_wconf 78' lang='lat' dir='ltr'>serunt,</span> <span class='ocrx_word' id='word_1_64' title='bbox 636 655 692 685; x_wconf 88' lang='lat' dir='ltr'>sed</span> <span class='ocrx_word' id='word_1_65' title='bbox 715 654 813 685; x_wconf 84' lang='lat' dir='ltr'>multa</span> <span class='ocrx_word' id='word_1_66' title='bbox 837 656 966 689; x_wconf 86' lang='lat' dir='ltr'>metunt,</span> <span class='ocrx_word' id='word_1_67' title='bbox 994 654 1026 684; x_wconf 89' lang='lat' dir='ltr'>in</span> <span class='ocrx_word' id='word_1_68' title='bbox 1051 656 1192 693; x_wconf 85' lang='lat' dir='ltr'>tempore</span> <span class='ocrx_word' id='word_1_69' title='bbox 1216 652 1443 684; x_wconf 84' lang='lat' dir='ltr'>retributionis.</span> 
     </span>
    </p>
   </div>
   <div class='ocr_carea' id='block_1_8' title="bbox 335 716 1080 754">
    <p class='ocr_par' dir='ltr' id='par_1_8' title="bbox 335 716 1080 754">
     <span class='ocr_line' id='line_1_12' title="bbox 335 716 1080 754; baseline -0.003 -8"><span class='ocrx_word' id='word_1_70' title='bbox 335 719 419 746; x_wconf 75' lang='lat' dir='ltr'>BreV.</span> <span class='ocrx_word' id='word_1_71' title='bbox 441 718 740 754; x_wconf 79' lang='lat' dir='ltr'>Caesaraugustanum</span> <span class='ocrx_word' id='word_1_72' title='bbox 759 720 827 753; x_wconf 86' lang='lat' dir='ltr'>imp.</span> <span class='ocrx_word' id='word_1_73' title='bbox 847 718 978 745; x_wconf 79' lang='lat' dir='ltr'>Venetiis</span> <span class='ocrx_word' id='word_1_74' title='bbox 1001 716 1080 746; x_wconf 81' lang='lat'>1496.</span> 
     </span>
    </p>
   </div>
   <div class='ocr_carea' id='block_1_9' title="bbox 650 837 1159 869">
    <p class='ocr_par' dir='ltr' id='par_1_9' title="bbox 650 837 1159 869">
     <span class='ocr_line' id='line_1_13' title="bbox 650 837 1159 869; baseline -0.002 -1"><span class='ocrx_word' id='word_1_75' title='bbox 650 839 694 868; x_wconf 83' lang='lat'>77.</span> <span class='ocrx_word' id='word_1_76' title='bbox 736 838 777 869; x_wconf 82' lang='lat' dir='ltr'>De</span> <span class='ocrx_word' id='word_1_77' title='bbox 796 844 836 868; x_wconf 85' lang='lat' dir='ltr'>ss.</span> <span class='ocrx_word' id='word_1_78' title='bbox 856 837 960 868; x_wconf 77' lang='lat' dir='ltr'>Abdon</span> <span class='ocrx_word' id='word_1_79' title='bbox 981 838 1013 868; x_wconf 85' lang='lat' dir='ltr'>et</span> <span class='ocrx_word' id='word_1_80' title='bbox 1031 838 1159 869; x_wconf 83' lang='lat' dir='ltr'>Senncn.</span> 
     </span>
    </p>
   </div>
   <div class='ocr_carea' id='block_1_10' title="bbox 791 911 1012 949">
    <p class='ocr_par' dir='ltr' id='par_1_10' title="bbox 791 911 1012 949">
     <span class='ocr_line' id='line_1_14' title="bbox 791 911 1012 949; baseline 0 -8"><span class='ocrx_word' id='word_1_81' title='bbox 791 911 839 941; x_wconf 84' lang='lat' dir='ltr'>Ad</span> <span class='ocrx_word' id='word_1_82' title='bbox 858 912 1012 949; x_wconf 83' lang='lat' dir='ltr'>Vesperas.</span> 
     </span>
    </p>
   </div>
   <div class='ocr_carea' id='block_1_11' title="bbox 932 990 1423 1170">
    <p class='ocr_par' dir='ltr' id='par_1_11' title="bbox 932 990 1423 1170">
     <span class='ocr_line' id='line_1_15' title="bbox 932 990 1423 1030; baseline -0.004 -8"><span class='ocrx_word' id='word_1_83' title='bbox 932 991 963 1022; x_wconf 87' lang='lat'>4.</span> <span class='ocrx_word' id='word_1_84' title='bbox 990 990 1097 1022; x_wconf 82' lang='lat' dir='ltr'>Sancti</span> <span class='ocrx_word' id='word_1_85' title='bbox 1119 999 1177 1030; x_wconf 85' lang='lat' dir='ltr'>pro</span> <span class='ocrx_word' id='word_1_86' title='bbox 1202 998 1296 1029; x_wconf 86' lang='lat' dir='ltr'>regno</span> <span class='ocrx_word' id='word_1_87' title='bbox 1321 990 1423 1028; x_wconf 87' lang='lat' dir='ltr'>polico</span> 
     </span>
     <span class='ocr_line' id='line_1_16' title="bbox 989 1035 1386 1075; baseline -0.003 -7"><span class='ocrx_word' id='word_1_88' title='bbox 989 1037 1103 1068; x_wconf 85' lang='lat' dir='ltr'>Mortis</span> <span class='ocrx_word' id='word_1_89' title='bbox 1129 1035 1234 1067; x_wconf 86' lang='lat' dir='ltr'>ferunt</span> <span class='ocrx_word' id='word_1_90' title='bbox 1258 1037 1386 1075; x_wconf 82' lang='lat' dir='ltr'>atrocia,</span> 
     </span>
     <span class='ocr_line' id='line_1_17' title="bbox 990 1082 1415 1123; baseline -0.002 -8"><span class='ocrx_word' id='word_1_91' title='bbox 990 1083 1092 1115; x_wconf 88' lang='lat' dir='ltr'>Corde</span> <span class='ocrx_word' id='word_1_92' title='bbox 1117 1086 1227 1123; x_wconf 83' lang='lat' dir='ltr'>gerunt</span> <span class='ocrx_word' id='word_1_93' title='bbox 1251 1082 1415 1123; x_wconf 86' lang='lat' dir='ltr'>magnifico</span> 
     </span>
     <span class='ocr_line' id='line_1_18' title="bbox 990 1129 1304 1170; baseline -0.006 -8"><span class='ocrx_word' id='word_1_94' title='bbox 990 1131 1134 1170; x_wconf 77' lang='lat' dir='ltr'>irrogata</span> <span class='ocrx_word' id='word_1_95' title='bbox 1158 1129 1304 1161; x_wconf 86' lang='lat' dir='ltr'>ludibria.</span> 
     </span>
    </p>
   </div>
   <div class='ocr_carea' id='block_1_12' title="bbox 286 989 777 1162">
    <p class='ocr_par' dir='ltr' id='par_1_12' title="bbox 286 989 777 1162">
     <span class='ocr_line' id='line_1_19' title="bbox 286 989 745 1029; baseline 0 -8"><span class='ocrx_word' id='word_1_96' title='bbox 286 1014 293 1021; x_wconf 96' lang='lat'>.</span> <span class='ocrx_word' id='word_1_97' title='bbox 321 991 445 1022; x_wconf 86' lang='lat' dir='ltr'>Vexilla</span> <span class='ocrx_word' id='word_1_98' title='bbox 469 989 560 1021; x_wconf 87' lang='lat' dir='ltr'>nobis</span> <span class='ocrx_word' id='word_1_99' title='bbox 588 990 745 1029; x_wconf 81' lang='lat' dir='ltr'>prodeunt</span> 
     </span>
     <span class='ocr_line' id='line_1_20' title="bbox 321 1036 683 1078; baseline 0 -10"><span class='ocrx_word' id='word_1_100' title='bbox 321 1037 439 1068; x_wconf 82' lang='lat' dir='ltr'>Cruore</span> <span class='ocrx_word' id='word_1_101' title='bbox 462 1036 561 1067; x_wconf 86' lang='lat' dir='ltr'>tincta</span> <span class='ocrx_word' id='word_1_102' title='bbox 585 1045 683 1078; x_wconf 86' lang='lat' dir='ltr'>roseo,</span> 
     </span>
     <span class='ocr_line' id='line_1_21' title="bbox 319 1081 777 1122; baseline 0.002 -8"><span class='ocrx_word' id='word_1_103' title='bbox 319 1084 404 1122; x_wconf 79' lang='lat' dir='ltr'>Quae</span> <span class='ocrx_word' id='word_1_104' title='bbox 423 1082 509 1122; x_wconf 81' lang='lat' dir='ltr'>pacis</span> <span class='ocrx_word' id='word_1_105' title='bbox 535 1081 646 1114; x_wconf 89' lang='lat' dir='ltr'>foedus</span> <span class='ocrx_word' id='word_1_106' title='bbox 670 1084 777 1115; x_wconf 86' lang='lat' dir='ltr'>ineunt</span> 
     </span>
     <span class='ocr_line' id='line_1_22' title="bbox 317 1129 700 1162; baseline 0.003 -1"><span class='ocrx_word' id='word_1_107' title='bbox 317 1129 432 1161; x_wconf 87' lang='lat' dir='ltr'>Juncta</span> <span class='ocrx_word' id='word_1_108' title='bbox 457 1129 541 1160; x_wconf 90' lang='lat' dir='ltr'>coelo</span> <span class='ocrx_word' id='word_1_109' title='bbox 567 1130 700 1162; x_wconf 87' lang='lat' dir='ltr'>sidereo.</span> 
     </span>
    </p>
   </div>
   <div class='ocr_carea' id='block_1_13' title="bbox 320 1193 1474 1282">
    <p class='ocr_par' dir='ltr' id='par_1_13' title="bbox 320 1193 1474 1282">
     <span class='ocr_line' id='line_1_23' title="bbox 992 1193 1406 1233; baseline 0 -7"><span class='ocrx_word' id='word_1_110' title='bbox 992 1195 1092 1227; x_wconf 82' lang='lat' dir='ltr'>Feras</span> <span class='ocrx_word' id='word_1_111' title='bbox 1116 1193 1262 1226; x_wconf 82' lang='lat' dir='ltr'>ferebant</span> <span class='ocrx_word' id='word_1_112' title='bbox 1285 1195 1406 1233; x_wconf 81' lang='lat' dir='ltr'>leviter,</span> 
     </span>
     <span class='ocr_line' id='line_1_24' title="bbox 320 1241 1474 1282; baseline 0 -9"><span class='ocrx_word' id='word_1_113' title='bbox 320 1241 399 1273; x_wconf 80' lang='lat' dir='ltr'>Sunt</span> <span class='ocrx_word' id='word_1_114' title='bbox 423 1241 523 1273; x_wconf 79' lang='lat' dir='ltr'>exorti</span> <span class='ocrx_word' id='word_1_115' title='bbox 547 1241 754 1282; x_wconf 81' lang='lat' dir='ltr'>praefulgido,</span> <span class='ocrx_word' id='word_1_116' title='bbox 992 1242 1103 1273; x_wconf 86' lang='lat' dir='ltr'>Poenis</span> <span class='ocrx_word' id='word_1_117' title='bbox 1129 1244 1201 1272; x_wconf 81' lang='lat' dir='ltr'>sunt</span> <span class='ocrx_word' id='word_1_118' title='bbox 1224 1242 1301 1273; x_wconf 86' lang='lat' dir='ltr'>torti</span> <span class='ocrx_word' id='word_1_119' title='bbox 1327 1242 1474 1281; x_wconf 87' lang='lat' dir='ltr'>graviter,</span> 
     </span>
    </p>
   </div>
   <div class='ocr_carea' id='block_1_14' title="bbox 318 1286 1423 1329">
    <p class='ocr_par' dir='ltr' id='par_1_14' title="bbox 318 1286 1423 1329">
     <span class='ocr_line' id='line_1_25' title="bbox 318 1286 1423 1329; baseline 0.001 -10"><span class='ocrx_word' id='word_1_120' title='bbox 318 1288 418 1319; x_wconf 84' lang='lat' dir='ltr'>Recto</span> <span class='ocrx_word' id='word_1_121' title='bbox 441 1286 576 1328; x_wconf 80' lang='lat' dir='ltr'>profecti</span> <span class='ocrx_word' id='word_1_122' title='bbox 603 1289 746 1329; x_wconf 80' lang='lat' dir='ltr'>dogmate</span> <span class='ocrx_word' id='word_1_123' title='bbox 988 1288 1051 1319; x_wconf 79' lang='lat' dir='ltr'>Sed</span> <span class='ocrx_word' id='word_1_124' title='bbox 1077 1288 1242 1319; x_wconf 79' lang='lat' dir='ltr'>trunctatis</span> <span class='ocrx_word' id='word_1_125' title='bbox 1268 1288 1423 1327; x_wconf 79' lang='lat' dir='ltr'>capitibus</span> 
     </span>
    </p>
   </div>
   <div class='ocr_carea' id='block_1_15' title="bbox 318 1334 835 1375">
    <p class='ocr_par' dir='ltr' id='par_1_15' title="bbox 318 1334 835 1375">
     <span class='ocr_line' id='line_1_26' title="bbox 318 1334 835 1375; baseline -0.002 -9"><span class='ocrx_word' id='word_1_126' title='bbox 318 1335 486 1366; x_wconf 85' lang='lat' dir='ltr'>Adsistunt</span> <span class='ocrx_word' id='word_1_127' title='bbox 511 1334 635 1367; x_wconf 85' lang='lat' dir='ltr'>Christo</span> <span class='ocrx_word' id='word_1_128' title='bbox 660 1335 835 1375; x_wconf 83' lang='lat' dir='ltr'>splendido.</span> 
     </span>
    </p>
   </div>
   <div class='ocr_carea' id='block_1_16' title="bbox 261 1400 770 1579">
    <p class='ocr_par' dir='ltr' id='par_1_16' title="bbox 261 1400 770 1579">
     <span class='ocr_line' id='line_1_27' title="bbox 261 1400 733 1440; baseline -0.002 -8"><span class='ocrx_word' id='word_1_129' title='bbox 261 1400 291 1432; x_wconf 86' lang='lat'>3.</span> <span class='ocrx_word' id='word_1_130' title='bbox 319 1400 486 1431; x_wconf 84' lang='lat' dir='ltr'>Persarum</span> <span class='ocrx_word' id='word_1_131' title='bbox 510 1403 601 1439; x_wconf 84' lang='lat' dir='ltr'>gente</span> <span class='ocrx_word' id='word_1_132' title='bbox 622 1400 733 1440; x_wconf 87' lang='lat' dir='ltr'>incliti,</span> 
     </span>
     <span class='ocr_line' id='line_1_28' title="bbox 318 1446 653 1489; baseline -0.003 -11"><span class='ocrx_word' id='word_1_133' title='bbox 318 1446 401 1478; x_wconf 80' lang='lat' dir='ltr'>Diva</span> <span class='ocrx_word' id='word_1_134' title='bbox 424 1447 493 1485; x_wconf 86' lang='lat' dir='ltr'>lege</span> <span class='ocrx_word' id='word_1_135' title='bbox 517 1446 653 1489; x_wconf 82' lang='lat' dir='ltr'>coerciti,</span> 
     </span>
     <span class='ocr_line' id='line_1_29' title="bbox 322 1493 768 1532; baseline 0.004 -10"><span class='ocrx_word' id='word_1_136' title='bbox 322 1493 423 1524; x_wconf 89' lang='lat' dir='ltr'>Vitam</span> <span class='ocrx_word' id='word_1_137' title='bbox 449 1494 590 1524; x_wconf 80' lang='lat' dir='ltr'>tenentes</span> <span class='ocrx_word' id='word_1_138' title='bbox 612 1493 768 1532; x_wconf 83' lang='lat' dir='ltr'>torpidam</span> 
     </span>
     <span class='ocr_line' id='line_1_30' title="bbox 319 1539 770 1579; baseline 0.004 -9"><span class='ocrx_word' id='word_1_139' title='bbox 319 1539 470 1571; x_wconf 85' lang='lat' dir='ltr'>Futuram</span> <span class='ocrx_word' id='word_1_140' title='bbox 495 1543 605 1579; x_wconf 88' lang='lat' dir='ltr'>optant</span> <span class='ocrx_word' id='word_1_141' title='bbox 628 1540 770 1572; x_wconf 86' lang='lat' dir='ltr'>solidam.</span> 
     </span>
    </p>
   </div>
   <div class='ocr_carea' id='block_1_17' title="bbox 988 1335 1401 1368">
    <p class='ocr_par' dir='ltr' id='par_1_17' title="bbox 988 1335 1401 1368">
     <span class='ocr_line' id='line_1_31' title="bbox 988 1335 1401 1368; baseline 0.002 -2"><span class='ocrx_word' id='word_1_142' title='bbox 988 1335 1085 1366; x_wconf 84' lang='lat' dir='ltr'>Potiti</span> <span class='ocrx_word' id='word_1_143' title='bbox 1108 1337 1179 1366; x_wconf 89' lang='lat' dir='ltr'>sunt</span> <span class='ocrx_word' id='word_1_144' title='bbox 1205 1335 1401 1368; x_wconf 65' lang='lat' dir='ltr'>coelestibus</span> 
     </span>
    </p>
   </div>
   <div class='ocr_carea' id='block_1_18' title="bbox 932 1400 1387 1440">
    <p class='ocr_par' dir='ltr' id='par_1_18' title="bbox 932 1400 1387 1440">
     <span class='ocr_line' id='line_1_32' title="bbox 932 1400 1387 1440; baseline -0.002 -8"><span class='ocrx_word' id='word_1_145' title='bbox 932 1402 962 1433; x_wconf 85' lang='lat'>6.</span> <span class='ocrx_word' id='word_1_146' title='bbox 984 1400 1145 1432; x_wconf 79' lang='lat' dir='ltr'>Exaudiat</span> <span class='ocrx_word' id='word_1_147' title='bbox 1167 1409 1223 1431; x_wconf 92' lang='lat' dir='ltr'>nos</span> <span class='ocrx_word' id='word_1_148' title='bbox 1247 1400 1387 1440; x_wconf 85' lang='lat' dir='ltr'>miseros,</span> 
     </span>
    </p>
   </div>
   <div class='ocr_carea' id='block_1_19' title="bbox 987 1446 1428 1580">
    <p class='ocr_par' dir='ltr' id='par_1_19' title="bbox 987 1446 1428 1580">
     <span class='ocr_line' id='line_1_33' title="bbox 990 1446 1425 1486; baseline 0.005 -9"><span class='ocrx_word' id='word_1_149' title='bbox 990 1446 1046 1478; x_wconf 90' lang='lat' dir='ltr'>Cui</span> <span class='ocrx_word' id='word_1_150' title='bbox 1071 1447 1113 1478; x_wconf 90' lang='lat' dir='ltr'>sit</span> <span class='ocrx_word' id='word_1_151' title='bbox 1137 1446 1236 1478; x_wconf 89' lang='lat' dir='ltr'>honor</span> <span class='ocrx_word' id='word_1_152' title='bbox 1261 1449 1291 1477; x_wconf 88' lang='lat' dir='ltr'>et</span> <span class='ocrx_word' id='word_1_153' title='bbox 1316 1447 1425 1486; x_wconf 82' lang='lat' dir='ltr'>gloria,</span> 
     </span>
     <span class='ocr_line' id='line_1_34' title="bbox 987 1492 1428 1533; baseline 0 -8"><span class='ocrx_word' id='word_1_154' title='bbox 987 1494 1030 1532; x_wconf 86' lang='lat' dir='ltr'>Is,</span> <span class='ocrx_word' id='word_1_155' title='bbox 1057 1494 1108 1533; x_wconf 90' lang='lat' dir='ltr'>qui</span> <span class='ocrx_word' id='word_1_156' title='bbox 1133 1496 1256 1524; x_wconf 81' lang='lat' dir='ltr'>sanctos</span> <span class='ocrx_word' id='word_1_157' title='bbox 1280 1492 1428 1525; x_wconf 90' lang='lat' dir='ltr'>mirificos</span> 
     </span>
     <span class='ocr_line' id='line_1_35' title="bbox 988 1539 1349 1580; baseline 0.003 -9"><span class='ocrx_word' id='word_1_158' title='bbox 988 1539 1051 1571; x_wconf 85' lang='lat' dir='ltr'>Sua</span> <span class='ocrx_word' id='word_1_159' title='bbox 1074 1540 1220 1580; x_wconf 82' lang='lat' dir='ltr'>provexit</span> <span class='ocrx_word' id='word_1_160' title='bbox 1238 1541 1349 1580; x_wconf 86' lang='lat' dir='ltr'>gratia.</span> 
     </span>
    </p>
   </div>
   <div class='ocr_carea' id='block_1_20' title="bbox 333 1601 1543 1639">
    <p class='ocr_par' dir='ltr' id='par_1_20' title="bbox 333 1601 1543 1639">
     <span class='ocr_line' id='line_1_36' title="bbox 333 1601 1543 1639; baseline -0.001 -9"><span class='ocrx_word' id='word_1_161' title='bbox 333 1604 416 1631; x_wconf 65' lang='lat' dir='ltr'>BreV.</span> <span class='ocrx_word' id='word_1_162' title='bbox 449 1612 500 1630; x_wconf 75' lang='lat' dir='ltr'>ms.</span> <span class='ocrx_word' id='word_1_163' title='bbox 526 1604 651 1631; x_wconf 56' lang='lat' dir='ltr'>W‘icense</span> <span class='ocrx_word' id='word_1_164' title='bbox 675 1612 748 1631; x_wconf 76' lang='lat' dir='ltr'>saec.</span> <span class='ocrx_word' id='word_1_165' title='bbox 779 1601 851 1630; x_wconf 70' lang='lat' dir='ltr'>14l15.</span> <span class='ocrx_word' id='word_1_166' title='bbox 880 1602 948 1630; x_wconf 84' lang='lat' dir='ltr'>Cod.</span> <span class='ocrx_word' id='word_1_167' title='bbox 975 1604 1067 1639; x_wconf 80' lang='lat' dir='ltr'>Capit.</span> <span class='ocrx_word' id='word_1_168' title='bbox 1092 1604 1192 1631; x_wconf 81' lang='lat' dir='ltr'>Vicen.</span> <span class='ocrx_word' id='word_1_169' title='bbox 1221 1603 1307 1631; x_wconf 87' lang='lat' dir='ltr'>CVII.</span> <span class='ocrx_word' id='word_1_170' title='bbox 1334 1604 1367 1631; x_wconf 91' lang='lat' dir='ltr'>A.</span> <span class='ocrx_word' id='word_1_171' title='bbox 1401 1619 1435 1622; x_wconf 97' lang='lat'><strong>—</strong></span> <span class='ocrx_word' id='word_1_172' title='bbox 1462 1603 1543 1630; x_wconf 82' lang='lat' dir='ltr'>Brev.</span> 
     </span>
    </p>
   </div>
   <div class='ocr_carea' id='block_1_21' title="bbox 258 1639 778 1677">
    <p class='ocr_par' dir='ltr' id='par_1_21' title="bbox 258 1639 778 1677">
     <span class='ocr_line' id='line_1_37' title="bbox 258 1639 778 1677; baseline 0.002 -10"><span class='ocrx_word' id='word_1_173' title='bbox 258 1640 383 1668; x_wconf 75' lang='lat' dir='ltr'>Vicense</span> <span class='ocrx_word' id='word_1_174' title='bbox 402 1643 468 1677; x_wconf 84' lang='lat' dir='ltr'>imp.</span> <span class='ocrx_word' id='word_1_175' title='bbox 489 1641 625 1677; x_wconf 80' lang='lat' dir='ltr'>Lugduni</span> <span class='ocrx_word' id='word_1_176' title='bbox 647 1639 726 1668; x_wconf 76' lang='lat'>1557.</span> <span class='ocrx_word' id='word_1_177' title='bbox 745 1642 778 1669; x_wconf 86' lang='lat' dir='ltr'>B.</span> 
     </span>
    </p>
   </div>
   <div class='ocr_carea' id='block_1_22' title="bbox 649 1750 1156 1782">
    <p class='ocr_par' dir='ltr' id='par_1_22' title="bbox 649 1750 1156 1782">
     <span class='ocr_line' id='line_1_38' title="bbox 649 1750 1156 1782; baseline -0.004 0"><span class='ocrx_word' id='word_1_178' title='bbox 649 1751 693 1782; x_wconf 81' lang='lat'>78.</span> <span class='ocrx_word' id='word_1_179' title='bbox 732 1751 774 1782; x_wconf 85' lang='lat' dir='ltr'>De</span> <span class='ocrx_word' id='word_1_180' title='bbox 795 1758 833 1781; x_wconf 88' lang='lat' dir='ltr'>ss.</span> <span class='ocrx_word' id='word_1_181' title='bbox 853 1750 956 1781; x_wconf 71' lang='lat' dir='ltr'>Alition</span> <span class='ocrx_word' id='word_1_182' title='bbox 979 1751 1012 1781; x_wconf 82' lang='lat' dir='ltr'>et</span> <span class='ocrx_word' id='word_1_183' title='bbox 1030 1753 1156 1782; x_wconf 77' lang='lat' dir='ltr'>sennen.</span> 
     </span>
    </p>
   </div>
   <div class='ocr_carea' id='block_1_23' title="bbox 773 1826 1026 1857">
    <p class='ocr_par' dir='ltr' id='par_1_23' title="bbox 773 1826 1026 1857">
     <span class='ocr_line' id='line_1_39' title="bbox 773 1826 1026 1857; baseline -0.008 0"><span class='ocrx_word' id='word_1_184' title='bbox 773 1827 820 1857; x_wconf 84' lang='lat' dir='ltr'>Ad</span> <span class='ocrx_word' id='word_1_185' title='bbox 839 1826 1026 1856; x_wconf 79' lang='lat' dir='ltr'>Nocturnum.</span> 
     </span>
    </p>
   </div>
   <div class='ocr_carea' id='block_1_24' title="bbox 261 1904 836 2079">
    <p class='ocr_par' dir='ltr' id='par_1_24' title="bbox 261 1904 836 2079">
     <span class='ocr_line' id='line_1_40' title="bbox 261 1904 836 1945; baseline 0.002 -10"><span class='ocrx_word' id='word_1_186' title='bbox 261 1904 290 1936; x_wconf 88' lang='lat'>1.</span> <span class='ocrx_word' id='word_1_187' title='bbox 316 1905 386 1937; x_wconf 83' lang='lat' dir='ltr'>Jam</span> <span class='ocrx_word' id='word_1_188' title='bbox 410 1913 493 1937; x_wconf 86' lang='lat' dir='ltr'>nunc</span> <span class='ocrx_word' id='word_1_189' title='bbox 515 1907 561 1936; x_wconf 79' lang='lat' dir='ltr'>est</span> <span class='ocrx_word' id='word_1_190' title='bbox 585 1906 688 1945; x_wconf 85' lang='lat' dir='ltr'>magni</span> <span class='ocrx_word' id='word_1_191' title='bbox 715 1906 836 1938; x_wconf 83' lang='lat' dir='ltr'>decoris</span> 
     </span>
     <span class='ocr_line' id='line_1_41' title="bbox 319 1951 679 1992; baseline 0.003 -10"><span class='ocrx_word' id='word_1_192' title='bbox 319 1951 488 1983; x_wconf 81' lang='lat' dir='ltr'>Concinerc</span> <span class='ocrx_word' id='word_1_193' title='bbox 513 1952 578 1991; x_wconf 82' lang='lat' dir='ltr'>regi</span> <span class='ocrx_word' id='word_1_194' title='bbox 604 1953 679 1992; x_wconf 83' lang='lat' dir='ltr'>alto,</span> 
     </span>
     <span class='ocr_line' id='line_1_42' title="bbox 319 1998 834 2038; baseline 0 -9"><span class='ocrx_word' id='word_1_195' title='bbox 319 1998 413 2037; x_wconf 82' lang='lat' dir='ltr'>Cujus</span> <span class='ocrx_word' id='word_1_196' title='bbox 438 2000 495 2037; x_wconf 86' lang='lat' dir='ltr'>est,</span> <span class='ocrx_word' id='word_1_197' title='bbox 521 1999 673 2037; x_wconf 84' lang='lat' dir='ltr'>quidquid</span> <span class='ocrx_word' id='word_1_198' title='bbox 697 1999 834 2038; x_wconf 83' lang='lat' dir='ltr'>pectoris</span> 
     </span>
     <span class='ocr_line' id='line_1_43' title="bbox 316 2045 719 2079; baseline 0.005 -3"><span class='ocrx_word' id='word_1_199' title='bbox 316 2045 417 2077; x_wconf 86' lang='lat' dir='ltr'>Antro</span> <span class='ocrx_word' id='word_1_200' title='bbox 442 2045 620 2077; x_wconf 82' lang='lat' dir='ltr'>modulatur</span> <span class='ocrx_word' id='word_1_201' title='bbox 645 2046 719 2079; x_wconf 84' lang='lat' dir='ltr'>alto.</span> 
     </span>
    </p>
   </div>
   <div class='ocr_carea' id='block_1_25' title="bbox 260 2109 960 2142">
    <p class='ocr_par' dir='ltr' id='par_1_25' title="bbox 260 2109 960 2142">
     <span class='ocr_line' id='line_1_44' title="bbox 260 2109 960 2142; baseline 0.001 -1"><span class='ocrx_word' id='word_1_202' title='bbox 260 2111 291 2141; x_wconf 82' lang='lat'>2.</span> <span class='ocrx_word' id='word_1_203' title='bbox 317 2110 431 2141; x_wconf 87' lang='lat' dir='ltr'>Abdon</span> <span class='ocrx_word' id='word_1_204' title='bbox 458 2111 489 2140; x_wconf 80' lang='lat' dir='ltr'>et</span> <span class='ocrx_word' id='word_1_205' title='bbox 512 2109 634 2141; x_wconf 87' lang='lat' dir='ltr'>Sennen</span> <span class='ocrx_word' id='word_1_206' title='bbox 659 2111 778 2142; x_wconf 86' lang='lat' dir='ltr'>meritis</span> <span class='ocrx_word' id='word_1_207' title='bbox 929 2111 960 2142; x_wconf 87' lang='lat'>4.</span> 
     </span>
    </p>
   </div>
   <div class='ocr_carea' id='block_1_26' title="bbox 316 2156 802 2285">
    <p class='ocr_par' dir='ltr' id='par_1_26' title="bbox 316 2156 802 2285">
     <span class='ocr_line' id='line_1_45' title="bbox 320 2156 802 2196; baseline 0.004 -8"><span class='ocrx_word' id='word_1_208' title='bbox 320 2156 407 2188; x_wconf 87' lang='lat' dir='ltr'>Haec</span> <span class='ocrx_word' id='word_1_209' title='bbox 432 2165 523 2189; x_wconf 85' lang='lat' dir='ltr'>sacra</span> <span class='ocrx_word' id='word_1_210' title='bbox 546 2158 655 2196; x_wconf 84' lang='lat' dir='ltr'>templi</span> <span class='ocrx_word' id='word_1_211' title='bbox 679 2158 802 2190; x_wconf 83' lang='lat' dir='ltr'>moenia</span> 
     </span>
     <span class='ocr_line' id='line_1_46' title="bbox 318 2203 798 2245; baseline 0.002 -10"><span class='ocrx_word' id='word_1_212' title='bbox 318 2203 444 2235; x_wconf 88' lang='lat' dir='ltr'>Cunctis</span> <span class='ocrx_word' id='word_1_213' title='bbox 468 2206 605 2243; x_wconf 84' lang='lat' dir='ltr'>purgent.</span> <span class='ocrx_word' id='word_1_214' title='bbox 630 2204 798 2245; x_wconf 87' lang='lat' dir='ltr'>demeritis,</span> 
     </span>
     <span class='ocr_line' id='line_1_47' title="bbox 316 2249 746 2285; baseline 0.007 -4"><span class='ocrx_word' id='word_1_215' title='bbox 316 2249 432 2282; x_wconf 74' lang='lat' dir='ltr'>Nostra</span> <span class='ocrx_word' id='word_1_216' title='bbox 455 2253 581 2282; x_wconf 81' lang='lat' dir='ltr'>servent</span> <span class='ocrx_word' id='word_1_217' title='bbox 605 2250 746 2285; x_wconf 82' lang='lat' dir='ltr'>confinia.</span> 
     </span>
    </p>
   </div>
   <div class='ocr_carea' id='block_1_27' title="bbox 929 1906 1396 1939">
    <p class='ocr_par' dir='ltr' id='par_1_27' title="bbox 929 1906 1396 1939">
     <span class='ocr_line' id='line_1_48' title="bbox 929 1906 1396 1939; baseline -0.004 0"><span class='ocrx_word' id='word_1_218' title='bbox 929 1906 958 1939; x_wconf 85' lang='lat'>3.</span> <span class='ocrx_word' id='word_1_219' title='bbox 984 1906 1088 1939; x_wconf 76' lang='lat' dir='ltr'>Judex</span> <span class='ocrx_word' id='word_1_220' title='bbox 1112 1908 1256 1937; x_wconf 83' lang='lat' dir='ltr'>cruentus</span> <span class='ocrx_word' id='word_1_221' title='bbox 1280 1906 1396 1937; x_wconf 84' lang='lat' dir='ltr'>Decius</span> 
     </span>
    </p>
   </div>
   <div class='ocr_carea' id='block_1_28' title="bbox 987 1952 1462 2085">
    <p class='ocr_par' dir='ltr' id='par_1_28' title="bbox 987 1952 1462 2085">
     <span class='ocr_line' id='line_1_49' title="bbox 988 1952 1462 1993; baseline 0.004 -10"><span class='ocrx_word' id='word_1_222' title='bbox 988 1952 1156 1983; x_wconf 80' lang='lat' dir='ltr'>Terrarum</span> <span class='ocrx_word' id='word_1_223' title='bbox 1181 1952 1264 1983; x_wconf 83' lang='lat' dir='ltr'>bona</span> <span class='ocrx_word' id='word_1_224' title='bbox 1287 1952 1462 1993; x_wconf 79' lang='lat' dir='ltr'>proferens,</span> 
     </span>
     <span class='ocr_line' id='line_1_50' title="bbox 987 1999 1360 2038; baseline 0.005 -9"><span class='ocrx_word' id='word_1_225' title='bbox 987 1999 1063 2030; x_wconf 88' lang='lat' dir='ltr'>Illos</span> <span class='ocrx_word' id='word_1_226' title='bbox 1088 2000 1188 2030; x_wconf 84' lang='lat' dir='ltr'>tentat</span> <span class='ocrx_word' id='word_1_227' title='bbox 1213 1999 1360 2038; x_wconf 79' lang='lat' dir='ltr'>Agricius</span> 
     </span>
     <span class='ocr_line' id='line_1_51' title="bbox 990 2045 1445 2085; baseline 0.004 -9"><span class='ocrx_word' id='word_1_228' title='bbox 990 2045 1115 2076; x_wconf 86' lang='lat' dir='ltr'>Hostile</span> <span class='ocrx_word' id='word_1_229' title='bbox 1140 2053 1193 2076; x_wconf 87' lang='lat' dir='ltr'>cor</span> <span class='ocrx_word' id='word_1_230' title='bbox 1216 2045 1299 2077; x_wconf 90' lang='lat' dir='ltr'>intus</span> <span class='ocrx_word' id='word_1_231' title='bbox 1323 2055 1445 2085; x_wconf 84' lang='lat' dir='ltr'>gerens,</span> 
     </span>
    </p>
   </div>
   <div class='ocr_carea' id='block_1_29' title="bbox 985 2110 1430 2290">
    <p class='ocr_par' dir='ltr' id='par_1_29' title="bbox 985 2110 1430 2290">
     <span class='ocr_line' id='line_1_52' title="bbox 985 2110 1391 2153; baseline 0.005 -12"><span class='ocrx_word' id='word_1_232' title='bbox 985 2110 1144 2142; x_wconf 81' lang='lat' dir='ltr'>Exaudiat</span> <span class='ocrx_word' id='word_1_233' title='bbox 1170 2119 1226 2141; x_wconf 91' lang='lat' dir='ltr'>nos</span> <span class='ocrx_word' id='word_1_234' title='bbox 1250 2111 1391 2153; x_wconf 87' lang='lat' dir='ltr'>miseros,</span> 
     </span>
     <span class='ocr_line' id='line_1_53' title="bbox 987 2157 1425 2197; baseline 0 -7"><span class='ocrx_word' id='word_1_235' title='bbox 987 2157 1042 2190; x_wconf 85' lang='lat' dir='ltr'>Cui</span> <span class='ocrx_word' id='word_1_236' title='bbox 1069 2157 1111 2188; x_wconf 81' lang='lat' dir='ltr'>sit</span> <span class='ocrx_word' id='word_1_237' title='bbox 1134 2157 1235 2188; x_wconf 87' lang='lat' dir='ltr'>honor</span> <span class='ocrx_word' id='word_1_238' title='bbox 1260 2160 1290 2188; x_wconf 88' lang='lat' dir='ltr'>et</span> <span class='ocrx_word' id='word_1_239' title='bbox 1315 2158 1425 2197; x_wconf 86' lang='lat' dir='ltr'>gloria,</span> 
     </span>
     <span class='ocr_line' id='line_1_54' title="bbox 985 2204 1430 2242; baseline 0.007 -8"><span class='ocrx_word' id='word_1_240' title='bbox 985 2204 1028 2242; x_wconf 76' lang='lat' dir='ltr'>Is„</span> <span class='ocrx_word' id='word_1_241' title='bbox 1054 2204 1105 2242; x_wconf 84' lang='lat' dir='ltr'>qui</span> <span class='ocrx_word' id='word_1_242' title='bbox 1132 2207 1256 2235; x_wconf 86' lang='lat' dir='ltr'>sanctos</span> <span class='ocrx_word' id='word_1_243' title='bbox 1281 2204 1430 2237; x_wconf 87' lang='lat' dir='ltr'>mirificos</span> 
     </span>
     <span class='ocr_line' id='line_1_55' title="bbox 988 2250 1352 2290; baseline 0.005 -8"><span class='ocrx_word' id='word_1_244' title='bbox 988 2250 1051 2282; x_wconf 86' lang='lat' dir='ltr'>Sua</span> <span class='ocrx_word' id='word_1_245' title='bbox 1073 2250 1222 2289; x_wconf 80' lang='lat' dir='ltr'>provexit</span> <span class='ocrx_word' id='word_1_246' title='bbox 1243 2251 1352 2290; x_wconf 78' lang='lat' dir='ltr'>gratia.</span> 
     </span>
    </p>
   </div>
   <div class='ocr_carea' id='block_1_30' title="bbox 333 2313 1543 2348">
    <p class='ocr_par' dir='ltr' id='par_1_30' title="bbox 333 2313 1543 2348">
     <span class='ocr_line' id='line_1_56' title="bbox 333 2313 1543 2348; baseline 0.002 -7"><span class='ocrx_word' id='word_1_247' title='bbox 333 2315 414 2341; x_wconf 82' lang='lat' dir='ltr'>Brev.</span> <span class='ocrx_word' id='word_1_248' title='bbox 444 2323 495 2342; x_wconf 71' lang='lat' dir='ltr'>ms.</span> <span class='ocrx_word' id='word_1_249' title='bbox 521 2315 645 2343; x_wconf 69' lang='lat' dir='ltr'>Vieense</span> <span class='ocrx_word' id='word_1_250' title='bbox 675 2324 749 2343; x_wconf 80' lang='lat' dir='ltr'>saec.</span> <span class='ocrx_word' id='word_1_251' title='bbox 784 2313 854 2343; x_wconf 76' lang='lat'>¹⁴}15.</span> <span class='ocrx_word' id='word_1_252' title='bbox 882 2315 950 2343; x_wconf 59' lang='lat' dir='ltr'>(jod.</span> <span class='ocrx_word' id='word_1_253' title='bbox 977 2315 1069 2348; x_wconf 79' lang='lat' dir='ltr'>Capit.</span> <span class='ocrx_word' id='word_1_254' title='bbox 1096 2316 1195 2343; x_wconf 82' lang='lat' dir='ltr'>Vicen.</span> <span class='ocrx_word' id='word_1_255' title='bbox 1226 2315 1313 2343; x_wconf 81' lang='lat' dir='ltr'>GVH.</span> <span class='ocrx_word' id='word_1_256' title='bbox 1339 2317 1366 2344; x_wconf 82' lang='lat' dir='ltr'>A</span> <span class='ocrx_word' id='word_1_257' title='bbox 1395 2332 1431 2336; x_wconf 93' lang='lat'><strong>—</strong></span> <span class='ocrx_word' id='word_1_258' title='bbox 1458 2318 1543 2345; x_wconf 80' lang='lat' dir='ltr'>Brev.</span> 
     </span>
    </p>
   </div>
   <div class='ocr_carea' id='block_1_31' title="bbox 258 2351 778 2389">
    <p class='ocr_par' dir='ltr' id='par_1_31' title="bbox 258 2351 778 2389">
     <span class='ocr_line' id='line_1_57' title="bbox 258 2351 778 2389; baseline 0.006 -11"><span class='ocrx_word' id='word_1_259' title='bbox 258 2351 382 2379; x_wconf 86' lang='lat' dir='ltr'>Vicense</span> <span class='ocrx_word' id='word_1_260' title='bbox 400 2353 468 2389; x_wconf 87' lang='lat' dir='ltr'>imp.</span> <span class='ocrx_word' id='word_1_261' title='bbox 489 2352 624 2389; x_wconf 84' lang='lat' dir='ltr'>Lugduni</span> <span class='ocrx_word' id='word_1_262' title='bbox 646 2351 727 2381; x_wconf 84' lang='lat'>1557.</span> <span class='ocrx_word' id='word_1_263' title='bbox 746 2355 778 2381; x_wconf 90' lang='grc' dir='ltr'>Β.</span> 
     </span>
    </p>
   </div>
  </div>
 </body>
</html>
