1651 2518
754 123 1009 157 —230—

508 216 561 248 22.
589 215 724 247 Nuntius
748 216 831 247 alma
855 216 955 248 refert
977 217 1101 249 Mariae

593 261 726 293 Famina
750 262 880 294 coelitus
907 271 945 294 en
972 263 1111 305 Gabriel,

592 308 681 346 Quod
705 308 871 340 Dominum
897 308 980 341 ferat
1003 310 1167 351 Emanuel,

589 355 660 386 Hoc
683 356 917 395 paranymphus
942 360 1073 389 ovanter
1097 359 1151 397 ait,

589 401 678 433 Haec
699 402 842 441 paritura
865 402 966 434 Deum
990 405 1112 438 tumuit.

511 495 565 527 23.
594 494 687 526 Certa
711 495 794 526 salus
819 496 962 535 Raphael
986 497 1119 538 miseris,

586 541 660 572 Dux
684 542 848 582 sociusque
871 543 978 575 valens
1003 545 1143 584 peregris

588 586 740 628 Dansque
764 589 904 621 remedia
927 598 1051 630 semper
1075 591 1177 631 aegris

588 634 667 665 Fert,
691 635 745 674 pia
768 636 911 667 tristibus
936 637 1055 669 auxilia

590 680 686 712 Pellit
711 684 742 712 et
766 682 896 714 horrida
918 685 1099 724 praestigia.

509 775 563 806 24.
592 774 616 805 O
640 774 693 813 pie
718 777 823 806 rector
846 776 885 807 ab
911 785 984 808 arce
1006 780 1118 817 potens

586 820 711 860 Excipe
737 822 875 854 carmina
898 826 1006 855 nostra
1026 825 1137 865 libens,

589 867 675 905 Quae
698 868 758 899 tibi
782 869 876 900 turba
898 868 1001 901 fidelis
1027 880 1122 903 ovans

588 914 751 946 Laudibus
775 915 899 947 intonat,
922 917 1109 956 almiphonis

591 960 726 993 Subdita
748 962 896 1003 vultibus,
924 971 1005 1006 ecce,
1030 965 1102 996 tuis.

510 1054 563 1086 25.
590 1053 675 1091 Quae
698 1054 865 1087 Michaeiis
888 1056 1007 1088 honore
1032 1057 1113 1089 diem

587 1100 680 1131 Nunc
703 1105 835 1141 peragat
858 1101 998 1134 referens
1024 1104 1176 1136 celebrem

590 1147 726 1186 Agmina
750 1149 833 1188 regis
859 1151 890 1180 et
914 1150 1052 1181 aetherei

590 1194 817 1227 Pervolitantia
840 1204 938 1236 regna
960 1197 1026 1236 poli

589 1240 718 1273 Plaudit,
741 1244 773 1272 et
795 1242 918 1274 intonat
942 1244 1014 1275 aula
1038 1243 1108 1276 Dei.

510 1334 564 1366 26.
591 1333 615 1365 O
639 1333 789 1375 Michael,
817 1335 912 1367 decus
937 1345 1028 1368 omne
1051 1337 1122 1377 tuis,

588 1381 710 1413 Ductor
734 1384 765 1412 et
789 1382 908 1413 ordinis
932 1384 1074 1423 angelici,

588 1427 683 1466 Regis
709 1430 739 1458 et
763 1428 899 1468 armiger
924 1430 1073 1468 aetherei,

588 1472 727 1514 Suscipe,
754 1483 833 1513 quae
855 1478 910 1507 tua
933 1476 1022 1515 plebs
1046 1477 1141 1509 hodie

589 1519 719 1552 Cantica
742 1524 898 1560 pertonat,
925 1531 942 1554 0
966 1523 1067 1563 hagie.

509 1614 562 1645 27.
590 1612 658 1644 Has
682 1613 789 1652 epulas
809 1614 862 1652 pie
887 1614 1047 1647 sanctifica

587 1659 705 1691 Mentis
734 1662 766 1691 et
786 1660 896 1692 intima
919 1661 1062 1705 purifica,

590 1705 730 1745 Corpora
754 1707 910 1746 cordaque
935 1708 1082 1749 clarifica,

588 1753 757 1785 Daemonis
782 1753 881 1785 obrua
905 1755 1039 1787 colluvia

587 1799 701 1831 Dando
725 1800 786 1831 tuis
808 1800 862 1839 pia
885 1800 1042 1842 suffragia.

510 1893 564 1926 28.
590 1893 736 1935 Respice,
763 1902 843 1934 quae
863 1894 923 1925 tibi
949 1894 1128 1939 deferimus,

588 1940 738 1980 Adspice,
765 1941 847 1980 quod
871 1941 1003 1973 humiles
1027 1944 1161 1982 petimus

587 1986 722 2029 Inspice,
748 1996 827 2027 quae
850 1987 909 2019 tibi
934 1989 1133 2030 concinimus,

587 2033 724 2073 Respice
746 2043 814 2073 nos,
840 2034 913 2074 quia
936 2038 968 2067 te
994 2037 1142 2079 canimus,

586 2079 738 2120 Conspice
760 2090 827 2121 nos,
853 2081 934 2112 sicut
958 2083 1142 2121 expetimus.

1164 1969 1172 1986 7

506 2174 560 2206 29.
585 2173 706 2213 Disjice
729 2175 871 2214 pondera
893 2178 927 2206 tu
950 2176 1113 2217 scelerum,

588 2221 734 2253 Criminis
760 2222 829 2253 elue
854 2222 1029 2262 discidium,

588 2268 676 2299 Pelle
697 2269 883 2307 paventibus
910 2269 1075 2310 excidium,

589 2314 686 2347 Ferto
711 2315 889 2354 petentibus
915 2316 1065 2348 auxilium

587 2361 684 2402 Dans,
710 2365 802 2402 pater
823 2363 949 2405 optime,
975 2363 1159 2397 subsidium.
