1651 2518
720 120 973 156 -151—

475 219 506 251 6.
535 216 608 248 Tibi
637 217 678 249 sit
700 217 785 257 patri
808 215 936 256 filioque
961 224 1043 258 vero⁷

537 262 648 296 Gloria
667 264 783 304 laudis,
808 263 935 303 spiritui
958 265 1077 304 saneto,

537 310 595 349 Qui
621 320 690 343 cum
713 313 846 350 utroque
869 311 1059 351 sempiterno
1083 309 1150 342 Deo

582 358 693 390 Manet
717 358 866 397 aequalis,

276 424 359 451 Brev.
386 432 438 451 ms.
463 423 519 450 FF.
545 422 573 450 S.
600 424 773 458 Hieronymi
798 424 866 450 anni
891 419 973 450 1463.
999 421 1066 449 Cod.
1092 422 1238 449 Matriten.
1258 421 1292 448 A.
1321 418 1381 448 169.
1402 421 1435 448 A.
1457 434 1493 438 —

201 460 304 488 Diurn.
329 469 380 487 ms.
405 461 461 489 FF.
489 461 517 489 S.
543 461 714 495 Hieronymi
742 468 816 489 saec.
844 457 886 488 15.
916 459 984 487 Cod.
1006 459 1035 486 S.
1055 460 1200 488 Femandi
1218 459 1364 486 Matriten.
1394 456 1428 486 13
1457 458 1491 485 B.

204 512 239 517 -—
259 499 344 526 Brev.
369 499 426 527 FF.
453 498 482 526 S.
500 499 675 533 Hieronymi
698 500 767 535 imp.
785 498 923 534 Lugduni
947 495 1029 525 1547.
1051 497 1080 525 C.
1100 512 1138 516 —
1160 497 1244 524 Brev.
1264 497 1320 524 FF.
1340 495 1370 523 S.
1389 496 1495 523 Hiero-

204 537 285 570 nymi
304 537 373 571 imp.
394 536 643 572 Caesaraugustae
664 534 744 564 1562.
764 536 801 563 D.

545 655 611 686 252.
649 655 685 687 In
704 654 921 686 Translatione
942 663 965 686 s.
985 653 1169 693 Hieronymi.

729 722 764 751 In
782 721 810 751 2.
830 721 977 759 Vesperis.

881 792 912 823 4.
937 791 989 823 Ad
1015 790 1116 821 locum
1142 790 1338 821 eremitarum

985 837 1161 876 Ampliavit
1181 837 1302 876 pariter

937 884 982 915 Et
1002 884 1116 925 illuxit,
1144 892 1237 923 quam
1260 883 1458 923 praeclarum

985 930 1035 962 Sit
1054 939 1161 962 amore
1186 930 1328 972 dulciter,

205 791 236 825 1.
262 791 385 823 Novum
408 791 495 823 sidus
519 798 613 822 verae
636 790 715 822 lucis

311 836 361 868 Ex
386 839 450 869 alto
477 837 626 870 divinitus

262 884 400 916 Refulsit
420 886 453 916 in
481 884 599 916 cunetis
623 884 712 923 locis,

309 930 520 972 Hieronymus
547 932 687 971 coelituS,

261 978 438 1010 Enodando
464 987 572 1010 sonum
598 977 682 1010 vocis
938 977 1068 1016 Quando
1092 978 1242 1009 mundum
1266 977 1327 1009 sibi
1352 985 1456 1009 carum

308 1026 519 1057 Aeternorum
542 1025 685 1057 ambitus.
985 1023 1182 1063 Contempsit
1206 1024 1361 1056 celeriter.

205 1083 236 1115 2.
261 1081 312 1113 Ex
337 1081 450 1120 abysso
475 1082 617 1113 veritatis
881 1081 911 1114 5.
937 1080 1063 1112 Nudam
1087 1081 1213 1112 humum
1237 1080 1444 1119 amplexando

308 1128 417 1160 Divini
443 1128 565 1159 consilii
979 1127 1032 1159 Ad
1057 1135 1209 1166 praesepe
1233 1127 1359 1158 Domini

261 1175 360 1207 Auxit
383 1175 489 1207 lumen
515 1175 653 1207 caritatis
936 1174 1122 1213 Festinavit,
1149 1175 1330 1213 relaxando,

307 1221 351 1254 Et
376 1231 522 1254 eoronam
547 1221 607 1253 lilii
983 1221 1068 1260 Quae
1094 1221 1206 1253 nociva
1230 1221 1357 1259 homini,

262 1270 443 1308 Stolamque
467 1268 667 1311 virginitatis,
935 1268 1099 1307 Bonisque„
1117 1268 1384 1310 communicando,

309 1317 481 1348 Aureolam
505 1316 647 1355 praemii.
983 1314 1067 1353 Quae
1092 1314 1289 1347 conformant
1311 1315 1432 1349 lumini.

204 1374 236 1406 3.
262 1371 318 1404 Sol
341 1372 522 1403 illuminans
547 1371 681 1403 obscura
880 1371 910 1404 6.
935 1371 1004 1403 Deo
1028 1371 1112 1410 patri
1136 1371 1206 1402 laus
1231 1373 1263 1402 et
1285 1371 1387 1403 honor

307 1418 371 1450 Per
396 1419 499 1451 omnia
522 1419 686 1459 prospicit,
984 1418 1032 1451 Sit
1056 1421 1086 1449 et
1112 1418 1178 1457 ejus
1202 1416 1278 1459 filio,

262 1466 474 1506 Expellendo,
499 1474 578 1506 quae
602 1475 664 1498 non
695 1474 784 1504 pura,
936 1465 1013 1496 Pari
1036 1464 1163 1505 spiritui
1186 1468 1307 1506 sancto,

309 1512 465 1545 Haereses
490 1515 523 1544 et
545 1512 663 1553 abjicit,
983 1511 1114 1544 Doctori
1144 1512 1267 1552 eximio,

262 1560 456 1599 Indagand0‚
483 1568 563 1599 quae
587 1562 659 1591 sunt
685 1560 779 1601 clara,
935 1559 994 1598 Qui
1017 1558 1242 1599 Hieronymum
1270 1559 1391 1591 dotavit

309 1607 424 1639 Veram
449 1605 542 1638 fidem
569 1606 703 1638 conficit.
984 1604 1033 1638 De
1057 1607 1188 1646 perenni
1213 1607 1336 1646 gaudio.

279 1672 362 1699 Brev.
382 1680 436 1699 ms.
455 1671 722 1706 Hieronymitarum
743 1672 812 1699 anni
834 1668 906 1698 1463
921 1670 988 1698 Cod.
1003 1671 1151 1698 Matriten.
1164 1671 1191 1698 A
1212 1668 1274 1699 169.
1287 1672 1322 1699 A.
1342 1684 1379 1691 ·—-
1392 1672 1495 1700 Diurn.

204 1717 256 1736 ms.
278 1709 345 1736 Ord.
367 1708 395 1736 S.
415 1709 588 1744 Hieronymi
608 1717 682 1737 saec.
704 1707 748 1736 15.
769 1707 836 1736 God.
858 1709 886 1736 S.
906 1708 1051 1736 Fernantli
1070 1710 1217 1736 Matriten.
1239 1706 1282 1736 13.
1302 1710 1336 1736 Β.
1357 1724 1393 1728 -
1412 1711 1495 1738 BreV.

202 1747 259 1774 FF.
287 1746 316 1774 S.
342 1746 516 1781 Hieronymi
544 1748 611 1782 imp.
631 1746 767 1782 Lugduni
793 1744 874 1773 1547.
895 1746 927 1773 B.
948 1762 984 1766 —
1004 1746 1087 1774 Brev.
1107 1746 1162 1774 FF.
1183 1746 1212 1774 S.
1231 1747 1404 1781 Hieronymi
1428 1749 1496 1784 imp.

204 1785 452 1821 Caesaraugustae
475 1782 556 1812 1562.
578 1784 608 1811 C.

639 1894 706 1927 253.
743 1895 787 1927 De
806 1895 912 1926 sancto
932 1894 1060 1926 Hilario.

742 1962 790 1993 Ad
811 1962 963 2001 Vesperas.

203 2034 235 2068 1,
258 2033 386 2065 Hilario
409 2031 553 2073 pontifici
882 2032 911 2065 3.
933 2031 1031 2064 Verbi
1056 2032 1172 2064 sacrati
1202 2032 1321 2064 semina

262 2080 389 2113 Laudes
414 2079 587 2113 refundant
610 2080 720 2121 populi

261 2128 442 2160 Dulcisonis
467 2136 505 2159 ac
528 2127 659 2160 vocibus

262 2176 404 2216 Hymnos
429 2177 577 2216 promant
599 2175 738 2207 uberius.

204 2235 235 2266 2.
258 2232 416 2265 Hilarium
437 2232 572 2265 ecclesia

262 2279 415 2312 Sustollat
439 2288 536 2320 super
559 2280 698 2322 aethera,

260 2327 429 2360 Doctorem
455 2330 486 2359 et
507 2328 712 2368 praecipuum

260 2376 423 2416 Agnoscat
444 2384 537 2408 omne
561 2376 729 2408 saeculum.

939 2079 1035 2111 Sacer
1058 2079 1192 2120 benigne
1216 2089 1359 2123 proroga,

939 2127 984 2159 Ut.
1009 2127 1171 2167 duplicata
1194 2126 1325 2160 foenora

940 2173 1057 2206 Christi
1081 2176 1245 2214 reportent
1268 2175 1408 2215 pignora.

879 2232 911 2266 4.
937 2231 1008 2264 Hae
1033 2232 1084 2264 die
1107 2231 1204 2271 lapsis
1229 2232 1371 2271 pluribus

937 2280 1100 2312 Annorum
1125 2281 1221 2312 saecli
1245 2278 1380 2313 fluxibus

937 2328 1014 2360 Alta
1037 2328 1174 2367 petendo
1199 2327 1313 2368 spiritu

939 2375 1025 2407 Arva
1051 2375 1153 2408 beasti
1177 2375 1316 2409 artubus.
