1651 2518
715 91 968 126 —248—

468 187 487 219 3
523 185 654 218 Debitas
678 185 787 217 laudes
810 185 943 218 Domino
969 193 1124 225 canamus,

527 233 586 272 Qui
612 232 700 264 dedit
723 240 828 264 sacras
852 232 1029 264 Raimundo
1053 232 1155 272 sedes,

525 280 609 319 Quae
633 287 706 312 vere
730 279 843 310 scimus
869 278 994 311 famulis
1016 281 1143 318 paratas

577 325 712 357 Numine
739 325 864 360 Christi,

469 411 499 443 4.
526 410 588 441 Hic
614 410 680 441 dies
705 409 782 441 felix
807 410 905 442 bonus
930 412 1023 450 atque
1047 408 1178 448 faustus,

528 457 593 495 Quo
621 457 713 489 datur
733 456 818 495 justo
844 457 966 497 requies
991 456 1092 497 beata,

527 504 642 542 Angeli
664 503 802 543 gaudent
824 503 1019 544 populusque
1044 505 1171 535 cunctus

572 550 690 591 Magna.
714 552 870 584 canentes

472 637 503 667 5.
527 634 611 666 Laus
635 633 703 666 Deo
728 635 822 674 patri,
847 634 932 665 salus
956 637 988 666 et
1011 636 1160 673 potestas,

528 681 692 713 Pneumati
716 684 823 713 sancto
847 681 1026 721 pariterque
1051 683 1135 723 nato,

527 728 587 766 Qui
609 727 723 759 sedens
746 728 878 759 mandat
899 728 977 760 solio
1001 728 1122 759 tonanti

575 775 695 807 Cuncta
717 774 845 808 moveri.

273 859 356 886 Brev.
378 858 502 886 Oscense
522 860 551 885 ei:
568 857 708 886 Jaccense
726 859 794 894 imp.
817 855 851 885 15
858 855 901 884 **.

605 986 674 1017 432.
713 987 757 1017 Dc
777 987 883 1017 sancto
904 985 1069 1026 Raphaele.

204 1077 234 1109 1.
259 1075 353 1116 Ecce,
383 1075 437 1106 lux
461 1075 589 1113 expulsa
613 1077 705 1106 nocte
876 1077 907 1108 3.
932 1074 1060 1106 Tobiam
1088 1074 1179 1106 victis
1202 1075 1330 1113 periclis

309 1122 379 1152 luce
404 1120 503 1161 fulget
527 1120 657 1161 fulgida,
982 1121 1123 1153 omnibus
1147 1123 1233 1152 tutor
1257 1124 1368 1160 potens

263 1169 330 1206 Qua
355 1168 466 1200 chorus
491 1171 598 1200 noster
617 1176 779 1200 coruscum
933 1168 998 1199 Iste
1024 1168 1113 1200 duxit
1137 1171 1168 1199 et
1191 1168 1318 1200 reduxit

307 1215 500 1254 Raphaelem
524 1214 670 1246 concinit.
978 1214 1050 1258 dux,
1077 1223 1178 1246 comes
1204 1214 1398 1255 parentibus,

260 1261 375 1294 Jubilis
402 1261 567 1300 applaudit
590 1261 685 1303 orbis,
934 1261 1120 1301 Conjugatos
1145 1261 1301 1301 liberavit,

307 1311 404 1348 iei'ra,
431 1309 560 1348 coelum,
585 1308 699 1339 sidera.
981 1317 1072 1340 caeco
1096 1308 1198 1339 iumen
1222 1308 1373 1340 reddidit.

203 1385 235 1416 2.
261 1382 362 1413 Deum
385 1382 460 1413 hinc
482 1383 645 1414 laudemus
668 1391 775 1414 omnes
874 1386 907 1417 4.
931 1383 1016 1424 Ergo
1043 1385 1139 1415 ducas
1164 1386 1197 1414 et
1219 1384 1352 1415 reducas

309 1437 392 1469 voce,
415 1430 518 1469 corde,
544 1429 666 1470 spiritu,
978 1438 1045 1470 nos,
1070 1439 1246 1470 precamur,
1270 1430 1413 1470 sospites,

261 1475 423 1508 Medicum
445 1476 532 1508 misit
556 1477 609 1516 qui
630 1477 747 1508 mundo
931 1476 1082 1518 Raphael,
1108 1478 1255 1517 princeps
1279 1477 1380 1518 beate,

311 1523 503 1561 Raphaelem
528 1523 685 1562 languido,
980 1526 1073 1563 atque
1100 1532 1207 1556 caecos
1230 1525 1357 1563 lumina,

267 1570 434 1601 Praevium
459 1570 577 1609 ducem,
605 1570 738 1601 viantem
932 1570 978 1602 Ut
1001 1569 1100 1602 Deum
1126 1576 1229 1602 tecum
1254 1579 1400 1602 canamus

315 1617 443 1648 duceret
469 1616 521 1657 qui
545 1617 702 1655 sospitem.
982 1618 1014 1649 in
1039 1618 1212 1650 saeclorum
1236 1618 1371 1650 saecula.

277 1690 360 1717 Brev.
385 1689 570 1718 Valenfinum
590 1691 657 1726 imp.
677 1690 830 1719 Valenfiae
850 1689 930 1719 1533.

623 1817 689 1850 433.
728 1819 772 1850 De
792 1821 897 1851 sancto
916 1819 1084 1861 Raphaele.

692 1896 740 1925 Ad
758 1895 846 1934 Vcsp.
868 1900 897 1926 et
915 1896 1001 1927 Noct.

210 1972 240 2004 1.
266 1970 414 2003 Exsuitet
435 1980 498 2004 vox
520 1973 671 2016 angelica,
880 1977 911 2008 3.
938 1975 1034 2014 Quem
1061 1976 1175 2009 cadens
1200 1979 1321 2009 stercus
1346 1978 1482 2011 calidum

265 2018 389 2049 Laudes
413 2022 537 2058 promat
562 2020 693 2051 ecclesia
938 2022 1128 2055 Caecaverat
1151 2024 1364 2063 hirundinum,

266 2064 304 2096 In
329 2064 498 2104 Raphaelis
523 2066 630 2107 gloria,
935 2069 1029 2101 Hunc
1053 2071 1125 2102 divo
1150 2071 1355 2103 medicamine

264 2111 358 2150 Cujus
385 2112 459 2144 colit
482 2113 643 2146 solemnia.
935 2116 1013 2149 Luci
1038 2116 1212 2149 reformans
1236 2118 1381 2157 pristino.

209 2187 239 2218 2.
266 2186 314 2217 Tu
337 2187 493 2219 medicina
519 2188 632 2220 diceris
879 2194 910 2224 4.
937 2191 1027 2223 Felle
1049 2192 1155 2234 piscis,
1183 2202 1273 2232 quem
1299 2202 1428 2234 ceperas

265 2232 388 2264 Effectu
412 2235 540 2274 grandis
566 2237 679 2275 operis,
936 2238 980 2270 Et
996 2239 1062 2278 J'am
1089 2242 1338 2280 exenteraveras‚

266 2279 302 2310 In
327 2280 443 2312 virtute
466 2281 599 2314 mirifica
940 2284 1034 2324 Cujus
1055 2286 1145 2324 jecur
1170 2286 1364 2319 daemonium

265 2325 366 2358 Tobia
389 2328 460 2359 luce
484 2328 618 2361 reddita.
936 2332 1113 2365 Extricavit
1136 2333 1338 2369 Asmodeum.
