1651 2518
694 127 949 162 —239—

451 224 505 256 23.
532 223 652 256 Doctor
677 226 709 255 et
731 223 822 267 alme,
848 226 938 256 tuere
961 226 1030 255 tuos

527 271 625 304 Paule
650 271 750 312 beate,
777 269 886 303 fovens
912 269 1053 309 famulos,

527 317 578 350 Da
602 326 725 358 quoque
748 321 854 350 mente
873 317 980 349 subire
1002 317 1118 357 polum,

529 365 595 403 Quo
620 365 750 397 videant
773 365 841 397 sine
864 363 927 396 fine
951 364 1051 396 Deum

529 411 636 451 Teque
663 413 711 444 sui
734 414 862 444 teneant
885 412 1013 445 socium.

446 487 501 519 24.
527 485 627 526 Euge,
652 487 746 519 beate
768 487 938 525 valensque
960 488 1065 525 Petre,

528 533 627 565 Paule
649 534 837 575 peroptime,
863 541 987 573 semper
1012 541 1078 572 ave,

529 579 654 611 Coelica
678 589 754 620 quos
779 583 863 612 tenet
889 581 960 612 aula
983 579 1053 619 Dei,

526 627 673 667 Angeliei
696 627 789 659 simul
814 630 846 659 et
870 628 960 658 cunei

529 674 720 714 Aetereique
741 672 850 706 fovent
873 674 992 713 populi.

448 749 503 783 25.
530 748 637 780 Virtus
661 750 823 789 honorque
846 749 887 780 sit
911 749 1060 789 ingenitO,

531 796 675 835 Lausque
701 796 795 827 decus
820 796 924 836 genito
948 795 1093 835 Domino,

532 841 665 882 Spiritui
689 851 812 883 quoque
836 843 989 882 paraclito

532 888 641 922 Gloria
665 898 779 929 perpes
805 892 837 921 et
859 890 1025 928 imperium

528 936 576 968 Sit
600 937 667 968 sine
690 939 832 975 tempore
855 939 1051 976 perpetuum.

253 999 320 1027 God.
341 1000 427 1028 Arch.
444 1001 575 1028 Coronae
588 1001 728 1036 Arragon.
744 999 919 1036 Rivipullen.
940 998 985 1027 40.
1006 1007 1081 1027 saec.
1103 997 1145 1025 11.
1166 1012 1201 1017 ν’
1215 999 1272 1025 Mit
1283 998 1421 1025 Neumen.
1436 1016 1439 1017 ν

177 1037 202 1072 7,
222 1035 242 1065 4
262 1037 412 1072 Quomoda
434 1041 546 1066 cuncta.
567 1052 604 1057 —
623 1038 720 1074 Vergl.
741 1037 793 1065 das
813 1047 849 1065 zu
868 1037 918 1065 Nr.
938 1035 995 1065 404
1014 1036 1175 1063 Bemerkte.

575 1166 636 1197 416.
675 1167 718 1197 De
738 1173 762 1196 s.
783 1166 875 1198 Petro
899 1165 1068 1197 oxomensi.

183 1304 217 1338 1.
241 1302 380 1334 Plaudat
400 1301 541 1341 phalanx
565 1302 708 1342 angelica

239 1349 333 1381 Tanti
358 1348 440 1380 festa
463 1347 630 1388 pontificis,

241 1396 327 1434 Quae
352 1397 502 1429 Oxomam
526 1395 669 1428 Biturica

241 1443 343 1476 Jussis
368 1443 545 1475 transmisit
569 1443 704 1477 coelicis.

184 1511 215 1543 2.
241 1508 289 1542 Ut
311 1509 444 1540 tribulos
470 1508 629 1549 evelleret,

241 1555 355 1594 Spinas
379 1557 411 1586 et
435 1558 538 1587 sentes
563 1555 705 1595 veprium

239 1602 284 1633 Et
306 1602 447 1634 surculos
471 1603 625 1634 insereret

242 1649 401 1681 Virtutum
427 1649 665 1682 coruscantium.

183 1717 213 1750 3.
240 1715 332 1747 Prius
357 1715 461 1747 Toleti
485 1714 592 1747 floruit

240 1762 278 1794 In
302 1761 546 1804 archidiaconio,

239 1809 465 1849 Metropolitae
489 1809 633 1841 subdidit

241 1856 282 1888 Se
305 1856 485 1889 Bernhardi
512 1856 657 1888 dominio.

715 1233 761 1262 Ad
780 1233 934 1271 Vesperas.

858 1304 890 1336 4.
914 1302 965 1334 Ne
988 1303 1117 1334 lucerna
1140 1303 1198 1334 sub
1221 1303 1327 1334 modio

916 1349 1072 1381 Latitaret
1096 1349 1219 1388 diutiuS,

915 1396 1063 1428 Sanctum
1087 1405 1208 1427 summa
1232 1395 1370 1435 dignatio

914 1444 1011 1475 Vexit
1034 1443 1075 1474 ad
1102 1443 1223 1474 culmen
1246 1443 1350 1474 altius.

882 1535 889 1542 .
916 1509 1052 1549 Dignum
1076 1508 1223 1540 nimirum
1248 1509 1370 1541 exstitit

914 1555 1008 1587 Hunc
1030 1558 1141 1596 postea
1164 1556 1358 1599 praecipere,

914 1602 972 1641 Qui
996 1602 1175 1634 ministrare
1198 1602 1298 1633 voluit

915 1649 959 1680 Et
984 1648 1116 1681 formam
1141 1649 1224 1682 servi
1248 1658 1380 1681 sumere.

883 1742 890 1749 .
917 1715 966 1747 Sit
989 1716 1068 1755 laus,
1097 1715 1191 1747 decus
1217 1718 1248 1746 et
1272 1716 1372 1755 gloria

916 1762 1013 1803 Patri,
1038 1764 1122 1802 nato,
1148 1762 1313 1803 paraclito,

918 1809 977 1848 Qui
1001 1811 1074 1849 post
1095 1809 1176 1841 haec
1199 1810 1382 1842 transitoria

917 1857 1045 1888 Petrum
1071 1856 1184 1889 ditavit
1207 1857 1328 1889 merito.

253 1923 338 1950 Brev.
360 1930 411 1949 ms.
432 1922 594 1950 oxomense
614 1930 689 1949 saec.
710 1919 743 1949 15
784 1918 854 1948 God.
876 1920 969 1956 Capit.
991 1922 1129 1949 Oxomen.
1150 1930 1173 1949 s.
1194 1930 1222 1949 n.
1243 1936 1278 1940 —
1299 1920 1325 1956 4,
1347 1920 1364 1950 3
1384 1922 1475 1958 Spiri-

181 1963 242 1989 tum
264 1969 377 1988 summa
396 1959 537 1996 dignatio,
564 1959 692 1987 offenbar
714 1959 825 1995 infulge
841 1958 966 1987 falscher
987 1958 1159 1996 Aufliisung.

580 2089 640 2121 417.
680 2090 724 2121 De
744 2096 767 2120 s.
786 2089 878 2121 Petro
899 2088 1069 2120 oxomensi.

693 2155 741 2187 Ad
759 2155 949 2186 Nocturnum.

180 2229 209 2263 1.
236 2228 350 2261 Noctis
372 2229 464 2269 juges
490 2226 638 2260 excubias

236 2277 330 2309 Puris
354 2284 482 2317 agamus
507 2274 663 2307 mentibus

235 2324 314 2364 Regi
338 2332 474 2364 superno
502 2322 624 2355 debitas

234 2370 380 2404 Somno
405 2369 589 2403 refectis
606 2368 796 2402 artubus.

863 2228 892 2260 2.
919 2226 1093 2267 Exemplar
1117 2227 1206 2259 nobis
1232 2228 1336 2268 vigeat

915 2274 978 2306 Hic
1002 2275 1051 2307 vir
1075 2278 1203 2307 sauctae
1227 2276 1395 2308 memoriae

918 2322 1014 2361 Quem
1042 2322 1081 2354 de
1104 2323 1240 2355 terrenis
1264 2323 1400 2356 advocat

915 2370 1082 2403 Consors
1106 2373 1292 2410 paternae
1316 2371 1472 2412 gloriae.
