1651 2518
671 107 925 142 -185—

153 197 208 230 12.
235 197 307 230 Jam
332 208 439 240 regem
463 200 496 231 in
522 200 636 234 decore

234 245 383 277 Caritatis
410 255 516 278 amore

238 292 462 333 contemplans
487 294 520 325 in
545 295 673 336 honore,

284 339 400 372 Datum
428 343 476 372 est
499 342 589 373 nobis
615 352 735 377 munus,

831 203 889 246 16.„
911 204 974 236 Per
997 212 1149 235 summum
1175 212 1280 244 regem
1304 213 1422 244 regum,

911 251 1055 284 Judieem
1078 251 1195 289 justum
1221 252 1333 294 legum,

912 299 1072 330 Pastorem
1098 296 1194 329 fidum
1213 307 1350 338 gregum,

957 345 1072 377 Datum
1098 348 1146 375 θεῖ
1168 345 1258 376 nobis
1284 354 1404 378 munus,

155 414 208 448 13.
235 414 407 455 Regentem
434 417 583 449 mundum
601 419 771 460 Christum,
831 419 885 452 17.

236 462 298 494 Per
323 472 414 502 quem
441 464 586 503 despexit
609 466 703 497 istum

235 509 350 541 Orbem
374 510 457 542 male
483 512 687 553 commistum,

283 556 401 589 Datum
427 560 476 589 est
499 558 589 590 nobis
613 569 735 595 munus.

912 420 996 460 Ergo
1019 429 1077 460 pro
1102 420 1270 460 salvatore,

911 467 969 506 Qui
991 467 1074 499 bona
1098 467 1153 498 dat
1177 475 1215 498 ex
1238 476 1335 506 more,

911 514 1010 545 Laeto
1037 514 1176 546 dieamus
1201 522 1273 546 ore:

958 561 1074 592 Datum
1100 563 1148 592 est
1170 560 1261 592 nobis
1286 570 1406 595 munus,

155 631 209 663 14.
234 632 351 664 Munus
376 633 436 664 hoc
459 634 663 675 insperatum,
832 636 885 668 18.
911 635 1021 667 Honor
1044 635 1129 676 patri
1153 636 1290 675 ingenito

236 678 394 711 Divinitus
421 680 579 721 collatum,

234 726 330 757 Bonis
356 727 470 759 mirum
495 731 526 758 et
550 731 683 768 gratum,

282 773 397 805 Datum
424 777 471 805 est
495 775 586 806 nobis
611 785 732 808 munus.

153 846 207 879 15.
234 849 295 880 Per
320 858 472 881 summum
498 850 702 892 dominorum,

236 895 402 927 Rectorem
426 905 642 938 supernorum,

236 943 469 983 Venerandum,
500 944 657 984 decorum,

283 989 398 1021 Datum
422 993 470 1021 est
493 991 583 1022 nobis
608 1001 728 1024 munus

831 851 883 884 19.

909 682 1051 722 Ejusque
1074 682 1244 722 unigenito,

912 730 959 762 Sit.
983 728 1102 761 flamini
1126 730 1291 769 paraclito,

956 777 1019 808 Per
1034 784 1124 816 quem
1142 777 1248 808 datum
1264 780 1312 808 est
1323 786 1443 809 munus

911 851 1005 891 Cujus
1032 852 1146 884 donum
1170 852 1307 892 honoris,

914 898 1009 937 Cujus
1034 898 1148 930 bonum
1173 899 1298 941 amoris,

912 945 1039 978 Cunctis
1064 945 1227 977 laudemus
1253 946 1358 986 horis,

958 992 1019 1023 Per
1034 999 1124 1032 quem
1143 992 1250 1023 datum
1264 996 1312 1024 est
1324 1003 1443 1026 munus,

572 1067 624 1099 20.
653 1067 745 1098 Felix
769 1065 864 1097 fidele
887 1075 1008 1107 munus,

653 1113 740 1152 Quod
766 1112 852 1144 Deus
879 1113 958 1144 detit
980 1122 1070 1148 unus,

226 1185 297 1212 Vita
322 1195 374 1213 ms.
401 1184 429 1212 S.
454 1186 561 1214 Isidori
586 1190 661 1214 auct.
687 1188 822 1215 ,Iohanne
846 1188 978 1214 Diaeono
1005 1195 1080 1215 saec.
1103 1184 1145 1215 13.
1180 1187 1248 1215 Cod.
1271 1187 1363 1224 Capit.
1383 1189 1435 1216 Ma

153 1223 249 1249 triten.
270 1232 292 1250 s.
313 1233 341 1250 n.

497 1321 557 1353 319.
597 1323 640 1354 De
660 1323 765 1354 sancto
785 1322 902 1355 Isidoro
923 1324 1106 1356 matritensi.

176 1460 206 1491 1.
232 1457 411 1490 Laetificati
439 1458 541 1497 pretio

235 1504 343 1536 Sancti
367 1504 540 1545 psallamus
565 1506 689 1545 gaudio.

175 1581 206 1611 2.
232 1579 339 1611 Omnis
365 1580 478 1611 chorus
504 1580 675 1619 conjubilet

235 1627 391 1667 Vocisque
414 1629 488 1658 tono
515 1630 673 1659 consonet.

176 1702 205 1735 3.
234 1701 424 1734 Sacerdotes
448 1702 602 1742 primarii,

232 1749 363 1781 Levitae
387 1748 583 1782 subdiaconi.

172 1825 203 1857 4.
230 1824 385 1856 Doctores
411 1832 480 1855 cum
505 1824 711 1863 scholaribus,

229 1872 368 1904 Juvcnes
394 1880 463 1903 cum
488 1872 654 1911 parilibus.

172 1950 203 1982 5.
229 1948 398 1980 Matronae
424 1956 490 1979 oum
517 1948 702 1991 virginibus,

229 1996 323 2028 Pueri
349 2004 418 2028 cum
442 1994 627 2038 infantibus,

170 2074 200 2105 6.
229 2072 344 2105 Omnes
370 2070 521 2104 informet
544 2071 679 2112 bonitas,

228 2120 342 2153 Omnes
367 2117 510 2152 inflectat
530 2119 644 2159 pietas.

168 2197 198 2228 7.
225 2196 335 2228 Totius
358 2195 444 2228 orbis
470 2196 626 2237 cardines,

227 2244 399 2276 Laetemur
423 2252 530 2275 omnes
555 2243 693 2276 ordines.

169 2321 199 2354 8.
227 2320 387 2361 Quotquot
410 2318 491 2352 fides
517 2320 682 2353 catholica.

228 2368 353 2401 Virtute
377 2368 477 2400 nutrit
504 2368 630 2400 coelica.

705 1390 836 1428 Hymnus
861 1390 887 1419 5.

850 1461 880 1492 9.

825 1582 879 1614 10.

825 1703 879 1736 11.

825 1826 878 1858 12.

825 1950 878 1983 13.

825 2072 879 2107 14.

824 2196 878 2229 15.

825 2320 879 2353 16.

908 1459 1011 1499 Super
1035 1469 1126 1492 omne
1152 1461 1321 1500 capitulum

905 1507 1046 1546 Majeriti
1073 1508 1248 1540 concilium.

906 1582 1057 1620 Quoniam
1082 1583 1115 1614 in
1139 1583 1313 1616 subsidium

906 1629 1032 1661 Certum
1058 1630 1174 1661 habent
1198 1632 1381 1664 remedium.

905 1704 951 1735 Te
974 1704 1101 1736 beatum
1124 1705 1284 1737 Isidorum

907 1750 1128 1784 Collaudamus
1152 1761 1210 1792 per
1234 1753 1412 1787 Dominum.

905 1826 964 1865 Qui
989 1830 1021 1858 te
1045 1828 1152 1859 beavit
1174 1830 1306 1868 agmine.

906 1873 997 1912 Quod
1022 1876 1219 1914 comparavit
1240 1878 1401 1918 sanguine.

904 1949 950 1981 Te
975 1950 1070 1990 elegit
1093 1951 1274 1994 agricolam,

907 1996 1012 2029 Civem
1039 1997 1116 2030 fecit
1138 1999 1317 2031 coelicolam

905 2073 1112 2105 Humiliatum
1136 2074 1169 2105 in
1193 2075 1243 2106 via

905 2119 1093 2153 Sublimavit
1117 2121 1150 2153 in
1175 2123 1288 2161 patria.

905 2195 1113 2230 Sublimatum
1136 2197 1168 2228 in
1194 2198 1309 2237 patria,

904 2243 1013 2275 Terris
1038 2244 1173 2277 honorat
1197 2246 1308 2285 gratia.

904 2320 1001 2360 Quem
1029 2321 1169 2352 dilexisti
1193 2330 1298 2363 opere,

905 2367 953 2399 Te
982 2369 1178 2401 consecravit
1203 2378 1344 2411 corpore.
