<?xml version="1.0" encoding="UTF-8"?>
<!DOCTYPE html PUBLIC "-//W3C//DTD XHTML 1.0 Transitional//EN"
    "http://www.w3.org/TR/xhtml1/DTD/xhtml1-transitional.dtd">
<html xmlns="http://www.w3.org/1999/xhtml" xml:lang="en" lang="en">
 <head>
  <title>
</title>
<meta http-equiv="Content-Type" content="text/html;charset=utf-8" />
  <meta name='ocr-system' content='tesseract 3.04.00' />
  <meta name='ocr-capabilities' content='ocr_page ocr_carea ocr_par ocr_line ocrx_word'/>
</head>
<body>
  <div class='ocr_page' id='page_1' title='image "./analectahymnica16drevuoft_00145.png"; bbox 0 0 1651 2518; ppageno 0'>
   <div class='ocr_carea' id='block_1_1' title="bbox 774 136 1026 171">
    <p class='ocr_par' dir='ltr' id='par_1_1' title="bbox 774 136 1026 171">
     <span class='ocr_line' id='line_1_1' title="bbox 774 136 1026 171; baseline 0 0"><span class='ocrx_word' id='word_1_1' title='bbox 774 136 1026 171; x_wconf 82' lang='lat'>—142—</span> 
     </span>
    </p>
   </div>
   <div class='ocr_carea' id='block_1_2' title="bbox 256 209 1547 2390">
    <p class='ocr_par' dir='ltr' id='par_1_2' title="bbox 256 209 1487 405">
     <span class='ocr_line' id='line_1_2' title="bbox 256 209 1487 272; baseline 0.002 -11"><span class='ocrx_word' id='word_1_2' title='bbox 256 232 287 264; x_wconf 86' lang='lat'>5.</span> <span class='ocrx_word' id='word_1_3' title='bbox 314 231 352 264; x_wconf 89' lang='lat' dir='ltr'>In</span> <span class='ocrx_word' id='word_1_4' title='bbox 377 232 472 263; x_wconf 84' lang='lat' dir='ltr'>armis</span> <span class='ocrx_word' id='word_1_5' title='bbox 497 229 538 262; x_wconf 85' lang='lat' dir='ltr'>fis</span> <span class='ocrx_word' id='word_1_6' title='bbox 563 230 732 271; x_wconf 84' lang='lat' dir='ltr'>potent-ior,</span> <span class='ocrx_word' id='word_1_7' title='bbox 928 233 959 265; x_wconf 84' lang='lat'>7.</span> <span class='ocrx_word' id='word_1_8' title='bbox 986 233 1011 264; x_wconf 94' lang='lat' dir='ltr'>O</span> <span class='ocrx_word' id='word_1_9' title='bbox 1037 235 1154 272; x_wconf 83' lang='lat' dir='ltr'>sancte,</span> <span class='ocrx_word' id='word_1_10' title='bbox 1181 232 1224 263; x_wconf 88' lang='lat' dir='ltr'>sis</span> <span class='ocrx_word' id='word_1_11' title='bbox 1249 233 1411 264; x_wconf 77' lang='lat' dir='ltr'>exordium</span> <span class='ocrx_word' id='word_1_12' title='bbox 1469 209 1487 230; x_wconf 57' lang='lat'><em>⁶</em></span> 
     </span>
     <span class='ocr_line' id='line_1_3' title="bbox 313 277 1422 322; baseline 0 -11"><span class='ocrx_word' id='word_1_13' title='bbox 313 279 399 311; x_wconf 84' lang='lat' dir='ltr'>Dum</span> <span class='ocrx_word' id='word_1_14' title='bbox 423 277 540 311; x_wconf 79' lang='lat' dir='ltr'>Christi</span> <span class='ocrx_word' id='word_1_15' title='bbox 564 277 783 317; x_wconf 77' lang='lat' dir='ltr'>gubernaculis</span> <span class='ocrx_word' id='word_1_16' title='bbox 987 278 1113 322; x_wconf 82' lang='lat' dir='ltr'>Salutis,</span> <span class='ocrx_word' id='word_1_17' title='bbox 1140 279 1260 310; x_wconf 82' lang='lat' dir='ltr'>donans</span> <span class='ocrx_word' id='word_1_18' title='bbox 1283 288 1422 321; x_wconf 79' lang='lat' dir='ltr'>munera,</span> 
     </span>
     <span class='ocr_line' id='line_1_4' title="bbox 313 324 1423 368; baseline -0.001 -11"><span class='ocrx_word' id='word_1_19' title='bbox 313 326 440 368; x_wconf 85' lang='lat' dir='ltr'>Potiris,</span> <span class='ocrx_word' id='word_1_20' title='bbox 466 327 501 356; x_wconf 89' lang='lat' dir='ltr'>tu</span> <span class='ocrx_word' id='word_1_21' title='bbox 527 324 688 356; x_wconf 78' lang='lat' dir='ltr'>decentior</span> <span class='ocrx_word' id='word_1_22' title='bbox 988 325 1184 365; x_wconf 74' lang='lat' dir='ltr'>virtutisque</span> <span class='ocrx_word' id='word_1_23' title='bbox 1207 325 1423 365; x_wconf 83' lang='lat' dir='ltr'>primordium,</span> 
     </span>
     <span class='ocr_line' id='line_1_5' title="bbox 314 370 1415 405; baseline -0.002 0"><span class='ocrx_word' id='word_1_24' title='bbox 314 372 506 405; x_wconf 82' lang='lat' dir='ltr'>Corruscans</span> <span class='ocrx_word' id='word_1_25' title='bbox 531 374 562 403; x_wconf 90' lang='lat' dir='ltr'>et</span> <span class='ocrx_word' id='word_1_26' title='bbox 585 371 754 403; x_wconf 80' lang='lat' dir='ltr'>miraculis.</span> <span class='ocrx_word' id='word_1_27' title='bbox 989 372 1124 404; x_wconf 87' lang='lat' dir='ltr'>Servans</span> <span class='ocrx_word' id='word_1_28' title='bbox 1148 381 1168 403; x_wconf 89' lang='lat' dir='ltr'>a</span> <span class='ocrx_word' id='word_1_29' title='bbox 1193 372 1271 403; x_wconf 86' lang='lat' dir='ltr'>diris</span> <span class='ocrx_word' id='word_1_30' title='bbox 1295 370 1415 405; x_wconf 80' lang='lat' dir='ltr'>funera.</span> 
     </span>
    </p>

    <p class='ocr_par' dir='ltr' id='par_1_3' title="bbox 257 437 1392 689">
     <span class='ocr_line' id='line_1_6' title="bbox 257 437 1351 477; baseline -0.001 -6"><span class='ocrx_word' id='word_1_31' title='bbox 257 440 288 471; x_wconf 88' lang='lat'>6.</span> <span class='ocrx_word' id='word_1_32' title='bbox 313 439 465 471; x_wconf 89' lang='lat' dir='ltr'>Verorum</span> <span class='ocrx_word' id='word_1_33' title='bbox 491 440 582 477; x_wconf 83' lang='lat' dir='ltr'>pater</span> <span class='ocrx_word' id='word_1_34' title='bbox 606 438 749 477; x_wconf 84' lang='lat' dir='ltr'>militum,</span> <span class='ocrx_word' id='word_1_35' title='bbox 932 440 963 472; x_wconf 87' lang='lat'>8.</span> <span class='ocrx_word' id='word_1_36' title='bbox 991 437 1100 470; x_wconf 83' lang='lat' dir='ltr'>Gloria</span> <span class='ocrx_word' id='word_1_37' title='bbox 1122 437 1190 477; x_wconf 82' lang='lat' dir='ltr'>tibi,</span> <span class='ocrx_word' id='word_1_38' title='bbox 1217 437 1351 477; x_wconf 57' lang='lat' dir='ltr'>trinitas</span> 
     </span>
     <span class='ocr_line' id='line_1_7' title="bbox 317 484 1334 526; baseline -0.002 -9"><span class='ocrx_word' id='word_1_39' title='bbox 317 486 383 518; x_wconf 85' lang='lat' dir='ltr'>Nos</span> <span class='ocrx_word' id='word_1_40' title='bbox 409 486 450 517; x_wconf 86' lang='lat' dir='ltr'>ad</span> <span class='ocrx_word' id='word_1_41' title='bbox 474 485 623 516; x_wconf 89' lang='lat' dir='ltr'>tuendum</span> <span class='ocrx_word' id='word_1_42' title='bbox 645 493 791 526; x_wconf 85' lang='lat' dir='ltr'>propera,</span> <span class='ocrx_word' id='word_1_43' title='bbox 989 485 1063 517; x_wconf 89' lang='lat' dir='ltr'>Una</span> <span class='ocrx_word' id='word_1_44' title='bbox 1087 484 1173 524; x_wconf 90' lang='lat' dir='ltr'>cujus</span> <span class='ocrx_word' id='word_1_45' title='bbox 1199 484 1334 515; x_wconf 78' lang='lat' dir='ltr'>essentia</span> 
     </span>
     <span class='ocr_line' id='line_1_8' title="bbox 316 531 1392 572; baseline -0.002 -8"><span class='ocrx_word' id='word_1_46' title='bbox 316 533 383 565; x_wconf 87' lang='lat' dir='ltr'>Fac</span> <span class='ocrx_word' id='word_1_47' title='bbox 404 534 603 572; x_wconf 84' lang='lat' dir='ltr'>peccatorum</span> <span class='ocrx_word' id='word_1_48' title='bbox 630 532 760 563; x_wconf 90' lang='lat' dir='ltr'>divitum</span> <span class='ocrx_word' id='word_1_49' title='bbox 990 532 1160 572; x_wconf 85' lang='lat' dir='ltr'>Manetque</span> <span class='ocrx_word' id='word_1_50' title='bbox 1183 531 1392 570; x_wconf 80' lang='lat' dir='ltr'>personalitas</span> 
     </span>
     <span class='ocr_line' id='line_1_9' title="bbox 316 578 1366 620; baseline 0 -9"><span class='ocrx_word' id='word_1_51' title='bbox 316 580 484 620; x_wconf 85' lang='lat' dir='ltr'>Nunquam</span> <span class='ocrx_word' id='word_1_52' title='bbox 508 587 674 618; x_wconf 86' lang='lat' dir='ltr'>sequamur</span> <span class='ocrx_word' id='word_1_53' title='bbox 699 587 805 618; x_wconf 90' lang='lat' dir='ltr'>opera.</span> <span class='ocrx_word' id='word_1_54' title='bbox 988 579 1024 611; x_wconf 84' lang='lat' dir='ltr'>In</span> <span class='ocrx_word' id='word_1_55' title='bbox 1047 579 1130 610; x_wconf 86' lang='lat' dir='ltr'>trina</span> <span class='ocrx_word' id='word_1_56' title='bbox 1155 578 1366 611; x_wconf 84' lang='lat' dir='ltr'>subsistentia.</span> 
     </span>
     <span class='ocr_line' id='line_1_10' title="bbox 331 651 904 689; baseline -0.003 -7"><span class='ocrx_word' id='word_1_57' title='bbox 331 655 415 682; x_wconf 73' lang='lat' dir='ltr'>BreV.</span> <span class='ocrx_word' id='word_1_58' title='bbox 436 654 559 682; x_wconf 84' lang='lat' dir='ltr'>Vicense</span> <span class='ocrx_word' id='word_1_59' title='bbox 578 654 648 689; x_wconf 86' lang='lat' dir='ltr'>imp.</span> <span class='ocrx_word' id='word_1_60' title='bbox 666 653 803 689; x_wconf 80' lang='lat' dir='ltr'>Lugduni</span> <span class='ocrx_word' id='word_1_61' title='bbox 824 651 904 680; x_wconf 85' lang='grc'>1557.</span> 
     </span>
    </p>

    <p class='ocr_par' dir='ltr' id='par_1_4' title="bbox 679 799 1113 915">
     <span class='ocr_line' id='line_1_11' title="bbox 679 799 1113 840; baseline 0.002 -10"><span class='ocrx_word' id='word_1_62' title='bbox 679 799 745 830; x_wconf 83' lang='lat'>233.</span> <span class='ocrx_word' id='word_1_63' title='bbox 786 799 828 830; x_wconf 86' lang='lat' dir='ltr'>De</span> <span class='ocrx_word' id='word_1_64' title='bbox 848 800 953 831; x_wconf 84' lang='lat' dir='ltr'>sancto</span> <span class='ocrx_word' id='word_1_65' title='bbox 975 799 1113 840; x_wconf 77' lang='lat' dir='ltr'>Georgio.</span> 
     </span>
     <span class='ocr_line' id='line_1_12' title="bbox 805 885 997 915; baseline 0 0"><span class='ocrx_word' id='word_1_66' title='bbox 805 886 854 915; x_wconf 88' lang='lat' dir='ltr'>Ad</span> <span class='ocrx_word' id='word_1_67' title='bbox 871 885 997 915; x_wconf 87' lang='lat' dir='ltr'>Laudes.</span> 
     </span>
    </p>

    <p class='ocr_par' dir='ltr' id='par_1_5' title="bbox 257 970 1403 1154">
     <span class='ocr_line' id='line_1_13' title="bbox 257 970 1322 1015; baseline -0.006 -8"><span class='ocrx_word' id='word_1_68' title='bbox 257 975 288 1007; x_wconf 87' lang='lat'>1.</span> <span class='ocrx_word' id='word_1_69' title='bbox 317 974 341 1006; x_wconf 94' lang='grc' dir='ltr'>Ο</span> <span class='ocrx_word' id='word_1_70' title='bbox 369 973 486 1006; x_wconf 80' lang='lat' dir='ltr'>Christi</span> <span class='ocrx_word' id='word_1_71' title='bbox 509 973 609 1015; x_wconf 81' lang='lat' dir='ltr'>miles,</span> <span class='ocrx_word' id='word_1_72' title='bbox 634 971 767 1004; x_wconf 81' lang='lat' dir='ltr'>fortibus</span> <span class='ocrx_word' id='word_1_73' title='bbox 931 975 961 1006; x_wconf 84' lang='lat'>3.</span> <span class='ocrx_word' id='word_1_74' title='bbox 992 973 1108 1005; x_wconf 86' lang='lat' dir='ltr'>Beatus</span> <span class='ocrx_word' id='word_1_75' title='bbox 1134 970 1195 1002; x_wconf 70' lang='lat' dir='ltr'>fuit.</span> <span class='ocrx_word' id='word_1_76' title='bbox 1222 971 1322 1002; x_wconf 81' lang='lat' dir='ltr'>exitus</span> 
     </span>
     <span class='ocr_line' id='line_1_14' title="bbox 316 1018 1365 1060; baseline -0.003 -8"><span class='ocrx_word' id='word_1_77' title='bbox 316 1020 561 1060; x_wconf 84' lang='lat' dir='ltr'>Praeponendus</span> <span class='ocrx_word' id='word_1_78' title='bbox 587 1028 625 1051; x_wconf 78' lang='lat' dir='ltr'>ex</span> <span class='ocrx_word' id='word_1_79' title='bbox 651 1020 756 1051; x_wconf 85' lang='lat' dir='ltr'>debito</span> <span class='ocrx_word' id='word_1_80' title='bbox 988 1020 1050 1051; x_wconf 86' lang='lat' dir='ltr'>Tui</span> <span class='ocrx_word' id='word_1_81' title='bbox 1073 1018 1190 1051; x_wconf 85' lang='lat' dir='ltr'>sacrati</span> <span class='ocrx_word' id='word_1_82' title='bbox 1216 1018 1365 1057; x_wconf 82' lang='lat' dir='ltr'>corporis,</span> 
     </span>
     <span class='ocr_line' id='line_1_15' title="bbox 318 1064 1382 1107; baseline -0.004 -7"><span class='ocrx_word' id='word_1_83' title='bbox 318 1068 445 1100; x_wconf 87' lang='lat' dir='ltr'>Cunctis</span> <span class='ocrx_word' id='word_1_84' title='bbox 471 1067 556 1098; x_wconf 89' lang='lat' dir='ltr'>orbis</span> <span class='ocrx_word' id='word_1_85' title='bbox 580 1067 742 1107; x_wconf 85' lang='lat' dir='ltr'>militibus,</span> <span class='ocrx_word' id='word_1_86' title='bbox 992 1067 1116 1100; x_wconf 87' lang='lat' dir='ltr'>Christo</span> <span class='ocrx_word' id='word_1_87' title='bbox 1141 1064 1230 1096; x_wconf 81' lang='lat' dir='ltr'>fuisti</span> <span class='ocrx_word' id='word_1_88' title='bbox 1256 1065 1382 1096; x_wconf 90' lang='lat' dir='ltr'>deditus</span> 
     </span>
     <span class='ocr_line' id='line_1_16' title="bbox 314 1112 1403 1154; baseline -0.001 -9"><span class='ocrx_word' id='word_1_89' title='bbox 314 1115 397 1154; x_wconf 74' lang='lat' dir='ltr'>Quos</span> <span class='ocrx_word' id='word_1_90' title='bbox 420 1114 587 1154; x_wconf 85' lang='lat' dir='ltr'>praecellis</span> <span class='ocrx_word' id='word_1_91' title='bbox 612 1122 651 1145; x_wconf 82' lang='lat' dir='ltr'>ex</span> <span class='ocrx_word' id='word_1_92' title='bbox 674 1114 795 1145; x_wconf 89' lang='lat' dir='ltr'>merito.</span> <span class='ocrx_word' id='word_1_93' title='bbox 990 1114 1108 1145; x_wconf 89' lang='lat' dir='ltr'>Amore</span> <span class='ocrx_word' id='word_1_94' title='bbox 1131 1112 1232 1143; x_wconf 89' lang='lat' dir='ltr'>sanct-i</span> <span class='ocrx_word' id='word_1_95' title='bbox 1255 1112 1403 1151; x_wconf 87' lang='lat' dir='ltr'>pectoris.</span> 
     </span>
    </p>

    <p class='ocr_par' dir='ltr' id='par_1_6' title="bbox 260 1177 1411 1359">
     <span class='ocr_line' id='line_1_17' title="bbox 260 1177 1354 1219; baseline -0.005 -7"><span class='ocrx_word' id='word_1_96' title='bbox 260 1182 290 1214; x_wconf 87' lang='lat'>2.</span> <span class='ocrx_word' id='word_1_97' title='bbox 318 1181 495 1219; x_wconf 88' lang='lat' dir='ltr'>Sequantur</span> <span class='ocrx_word' id='word_1_98' title='bbox 519 1181 551 1209; x_wconf 89' lang='lat' dir='ltr'>te</span> <span class='ocrx_word' id='word_1_99' title='bbox 572 1179 750 1219; x_wconf 81' lang='lat' dir='ltr'>benigniter</span> <span class='ocrx_word' id='word_1_100' title='bbox 930 1180 963 1212; x_wconf 86' lang='lat'>4.</span> <span class='ocrx_word' id='word_1_101' title='bbox 987 1180 1024 1211; x_wconf 89' lang='lat' dir='ltr'>In</span> <span class='ocrx_word' id='word_1_102' title='bbox 1052 1179 1207 1210; x_wconf 87' lang='lat' dir='ltr'>coelorum</span> <span class='ocrx_word' id='word_1_103' title='bbox 1232 1177 1354 1208; x_wconf 87' lang='lat' dir='ltr'>laetitia</span> 
     </span>
     <span class='ocr_line' id='line_1_18' title="bbox 317 1224 1377 1268; baseline -0.006 -9"><span class='ocrx_word' id='word_1_104' title='bbox 317 1228 467 1266; x_wconf 55' lang='lat' dir='ltr'>Optantet¹</span> <span class='ocrx_word' id='word_1_105' title='bbox 493 1224 556 1257; x_wconf 86' lang='lat' dir='ltr'>frui</span> <span class='ocrx_word' id='word_1_106' title='bbox 580 1227 723 1268; x_wconf 86' lang='lat' dir='ltr'>termino,</span> <span class='ocrx_word' id='word_1_107' title='bbox 991 1225 1161 1258; x_wconf 82' lang='lat' dir='ltr'>Collocaris</span> <span class='ocrx_word' id='word_1_108' title='bbox 1186 1224 1377 1264; x_wconf 79' lang='lat' dir='ltr'>perenniter,</span> 
     </span>
     <span class='ocr_line' id='line_1_19' title="bbox 316 1271 1411 1314; baseline -0.002 -9"><span class='ocrx_word' id='word_1_109' title='bbox 316 1275 352 1306; x_wconf 85' lang='lat' dir='ltr'>In</span> <span class='ocrx_word' id='word_1_110' title='bbox 378 1276 410 1304; x_wconf 90' lang='lat' dir='ltr'>te</span> <span class='ocrx_word' id='word_1_111' title='bbox 432 1273 566 1304; x_wconf 88' lang='lat' dir='ltr'>fidentes</span> <span class='ocrx_word' id='word_1_112' title='bbox 589 1273 715 1314; x_wconf 85' lang='lat' dir='ltr'>jugiter,</span> <span class='ocrx_word' id='word_1_113' title='bbox 988 1273 1069 1304; x_wconf 86' lang='lat' dir='ltr'>Nam</span> <span class='ocrx_word' id='word_1_114' title='bbox 1094 1271 1186 1310; x_wconf 82' lang='lat' dir='ltr'>hujus</span> <span class='ocrx_word' id='word_1_115' title='bbox 1213 1271 1308 1302; x_wconf 88' lang='lat' dir='ltr'>cosmi</span> <span class='ocrx_word' id='word_1_116' title='bbox 1334 1271 1411 1303; x_wconf 90' lang='lat' dir='ltr'>vitia</span> 
     </span>
     <span class='ocr_line' id='line_1_20' title="bbox 314 1318 1320 1359; baseline -0.003 -8"><span class='ocrx_word' id='word_1_117' title='bbox 314 1320 395 1352; x_wconf 81' lang='lat' dir='ltr'>Nam</span> <span class='ocrx_word' id='word_1_118' title='bbox 421 1320 576 1352; x_wconf 80' lang='lat' dir='ltr'>servivisti</span> <span class='ocrx_word' id='word_1_119' title='bbox 603 1319 745 1351; x_wconf 87' lang='lat' dir='ltr'>Domino.</span> <span class='ocrx_word' id='word_1_120' title='bbox 988 1318 1150 1359; x_wconf 81' lang='lat' dir='ltr'>Superasti</span> <span class='ocrx_word' id='word_1_121' title='bbox 1175 1318 1320 1349; x_wconf 88' lang='lat' dir='ltr'>viriliter.</span> 
     </span>
    </p>

    <p class='ocr_par' dir='ltr' id='par_1_7' title="bbox 330 1384 1158 1870">
     <span class='ocr_line' id='line_1_21' title="bbox 647 1384 1121 1427; baseline 0 -11"><span class='ocrx_word' id='word_1_122' title='bbox 647 1387 677 1417; x_wconf 86' lang='lat'>5.</span> <span class='ocrx_word' id='word_1_123' title='bbox 701 1385 749 1416; x_wconf 86' lang='lat' dir='ltr'>Sit</span> <span class='ocrx_word' id='word_1_124' title='bbox 771 1384 839 1416; x_wconf 88' lang='lat' dir='ltr'>Deo</span> <span class='ocrx_word' id='word_1_125' title='bbox 864 1385 932 1416; x_wconf 89' lang='lat' dir='ltr'>laus</span> <span class='ocrx_word' id='word_1_126' title='bbox 958 1388 989 1416; x_wconf 86' lang='lat' dir='ltr'>et</span> <span class='ocrx_word' id='word_1_127' title='bbox 1013 1385 1121 1427; x_wconf 66' lang='lat' dir='ltr'>gloria,</span> 
     </span>
     <span class='ocr_line' id='line_1_22' title="bbox 701 1431 1158 1473; baseline -0.002 -11"><span class='ocrx_word' id='word_1_128' title='bbox 701 1432 739 1462; x_wconf 87' lang='lat' dir='ltr'>In</span> <span class='ocrx_word' id='word_1_129' title='bbox 764 1440 823 1471; x_wconf 82' lang='lat' dir='ltr'>quo</span> <span class='ocrx_word' id='word_1_130' title='bbox 849 1431 1011 1463; x_wconf 86' lang='lat' dir='ltr'>confidunt.</span> <span class='ocrx_word' id='word_1_131' title='bbox 1034 1432 1158 1473; x_wconf 78' lang='lat' dir='ltr'>milites,</span> 
     </span>
     <span class='ocr_line' id='line_1_23' title="bbox 702 1478 1083 1510; baseline 0 0"><span class='ocrx_word' id='word_1_132' title='bbox 702 1478 748 1510; x_wconf 82' lang='lat' dir='ltr'>Ut</span> <span class='ocrx_word' id='word_1_133' title='bbox 770 1479 927 1509; x_wconf 88' lang='lat' dir='ltr'>laetentur</span> <span class='ocrx_word' id='word_1_134' title='bbox 951 1479 1083 1510; x_wconf 76' lang='lat' dir='ltr'>victoria</span> 
     </span>
     <span class='ocr_line' id='line_1_24' title="bbox 702 1525 1106 1564; baseline 0.005 -7"><span class='ocrx_word' id='word_1_135' title='bbox 702 1525 858 1564; x_wconf 87' lang='lat' dir='ltr'>Coeloque</span> <span class='ocrx_word' id='word_1_136' title='bbox 881 1525 960 1556; x_wconf 85' lang='lat' dir='ltr'>fiant</span> <span class='ocrx_word' id='word_1_137' title='bbox 984 1526 1106 1559; x_wconf 88' lang='lat' dir='ltr'>divites.</span> 
     </span>
     <span class='ocr_line' id='line_1_25' title="bbox 330 1596 906 1635; baseline -0.003 -8"><span class='ocrx_word' id='word_1_138' title='bbox 330 1601 415 1628; x_wconf 86' lang='lat' dir='ltr'>Brev.</span> <span class='ocrx_word' id='word_1_139' title='bbox 435 1600 560 1628; x_wconf 85' lang='lat' dir='ltr'>Vicense</span> <span class='ocrx_word' id='word_1_140' title='bbox 581 1600 647 1635; x_wconf 88' lang='lat' dir='ltr'>imp.</span> <span class='ocrx_word' id='word_1_141' title='bbox 668 1598 804 1634; x_wconf 85' lang='lat' dir='ltr'>Lugduni</span> <span class='ocrx_word' id='word_1_142' title='bbox 826 1596 906 1626; x_wconf 84' lang='grc'>1557.</span> 
     </span>
     <span class='ocr_line' id='line_1_26' title="bbox 687 1746 1119 1780; baseline 0.005 -4"><span class='ocrx_word' id='word_1_143' title='bbox 687 1746 753 1777; x_wconf 84' lang='grc'><strong>234.</strong></span> <span class='ocrx_word' id='word_1_144' title='bbox 792 1747 835 1778; x_wconf 89' lang='lat' dir='ltr'>De</span> <span class='ocrx_word' id='word_1_145' title='bbox 855 1747 960 1779; x_wconf 80' lang='lat' dir='ltr'>sancto</span> <span class='ocrx_word' id='word_1_146' title='bbox 982 1748 1119 1780; x_wconf 82' lang='lat' dir='ltr'>Geraldo.</span> 
     </span>
     <span class='ocr_line' id='line_1_27' title="bbox 788 1832 1007 1870; baseline 0.009 -10"><span class='ocrx_word' id='word_1_147' title='bbox 788 1832 834 1861; x_wconf 87' lang='lat' dir='ltr'>Ad</span> <span class='ocrx_word' id='word_1_148' title='bbox 854 1833 1007 1870; x_wconf 84' lang='lat' dir='ltr'>Vesperas.</span> 
     </span>
    </p>

    <p class='ocr_par' dir='ltr' id='par_1_8' title="bbox 257 1919 1400 2101">
     <span class='ocr_line' id='line_1_28' title="bbox 257 1919 1400 1961; baseline 0 -9"><span class='ocrx_word' id='word_1_149' title='bbox 257 1921 286 1953; x_wconf 85' lang='lat'>1.</span> <span class='ocrx_word' id='word_1_150' title='bbox 313 1921 416 1952; x_wconf 79' lang='lat' dir='ltr'>Adest</span> <span class='ocrx_word' id='word_1_151' title='bbox 440 1919 506 1952; x_wconf 64' lang='lat' dir='ltr'>dies.</span> <span class='ocrx_word' id='word_1_152' title='bbox 531 1919 679 1960; x_wconf 84' lang='lat' dir='ltr'>laetitiae,</span> <span class='ocrx_word' id='word_1_153' title='bbox 929 1921 960 1952; x_wconf 84' lang='lat'>3.</span> <span class='ocrx_word' id='word_1_154' title='bbox 985 1919 1154 1953; x_wconf 87' lang='lat' dir='ltr'>Confessor</span> <span class='ocrx_word' id='word_1_155' title='bbox 1177 1920 1238 1951; x_wconf 92' lang='lat' dir='ltr'>Dei</span> <span class='ocrx_word' id='word_1_156' title='bbox 1261 1920 1400 1961; x_wconf 86' lang='lat' dir='ltr'>inclitus,</span> 
     </span>
     <span class='ocr_line' id='line_1_29' title="bbox 313 1965 1355 2007; baseline -0.001 -8"><span class='ocrx_word' id='word_1_157' title='bbox 313 1968 350 1999; x_wconf 92' lang='lat' dir='ltr'>In</span> <span class='ocrx_word' id='word_1_158' title='bbox 375 1976 434 2007; x_wconf 84' lang='lat' dir='ltr'>quo</span> <span class='ocrx_word' id='word_1_159' title='bbox 460 1965 614 1997; x_wconf 83' lang='lat' dir='ltr'>Geraldus</span> <span class='ocrx_word' id='word_1_160' title='bbox 639 1965 733 1997; x_wconf 87' lang='lat' dir='ltr'>hodie</span> <span class='ocrx_word' id='word_1_161' title='bbox 988 1967 1046 2005; x_wconf 80' lang='lat' dir='ltr'>Qui</span> <span class='ocrx_word' id='word_1_162' title='bbox 1072 1967 1155 1998; x_wconf 89' lang='lat' dir='ltr'>diem</span> <span class='ocrx_word' id='word_1_163' title='bbox 1179 1967 1227 1998; x_wconf 88' lang='lat' dir='ltr'>sui</span> <span class='ocrx_word' id='word_1_164' title='bbox 1252 1967 1355 1998; x_wconf 87' lang='lat' dir='ltr'>obitus</span> 
     </span>
     <span class='ocr_line' id='line_1_30' title="bbox 315 2012 1378 2046; baseline -0.001 0"><span class='ocrx_word' id='word_1_165' title='bbox 315 2014 487 2046; x_wconf 82' lang='lat' dir='ltr'>Coronatus</span> <span class='ocrx_word' id='word_1_166' title='bbox 511 2013 543 2043; x_wconf 94' lang='lat' dir='ltr'>in</span> <span class='ocrx_word' id='word_1_167' title='bbox 568 2012 695 2044; x_wconf 85' lang='lat' dir='ltr'>aethere</span> <span class='ocrx_word' id='word_1_168' title='bbox 985 2013 1204 2045; x_wconf 81' lang='lat' dir='ltr'>Praesciverat</span> <span class='ocrx_word' id='word_1_169' title='bbox 1228 2014 1378 2046; x_wconf 89' lang='lat' dir='ltr'>divinitus</span> 
     </span>
     <span class='ocr_line' id='line_1_31' title="bbox 313 2059 1385 2101; baseline 0.001 -9"><span class='ocrx_word' id='word_1_170' title='bbox 313 2061 420 2101; x_wconf 86' lang='lat' dir='ltr'>Regno</span> <span class='ocrx_word' id='word_1_171' title='bbox 445 2059 564 2100; x_wconf 87' lang='lat' dir='ltr'>potitur</span> <span class='ocrx_word' id='word_1_172' title='bbox 588 2059 715 2099; x_wconf 85' lang='lat' dir='ltr'>gloriae.</span> <span class='ocrx_word' id='word_1_173' title='bbox 987 2060 1032 2091; x_wconf 87' lang='lat' dir='ltr'>Et</span> <span class='ocrx_word' id='word_1_174' title='bbox 1055 2060 1209 2092; x_wconf 84' lang='lat' dir='ltr'>revelavit</span> <span class='ocrx_word' id='word_1_175' title='bbox 1232 2061 1385 2094; x_wconf 88' lang='lat' dir='ltr'>omnibus.</span> 
     </span>
    </p>

    <p class='ocr_par' dir='ltr' id='par_1_9' title="bbox 256 2125 1545 2306">
     <span class='ocr_line' id='line_1_32' title="bbox 256 2125 1362 2166; baseline 0 -8"><span class='ocrx_word' id='word_1_176' title='bbox 256 2128 287 2158; x_wconf 83' lang='lat'>2.</span> <span class='ocrx_word' id='word_1_177' title='bbox 315 2126 476 2158; x_wconf 87' lang='lat' dir='ltr'>Coelorum</span> <span class='ocrx_word' id='word_1_178' title='bbox 502 2125 640 2165; x_wconf 80' lang='lat' dir='ltr'>gaudent</span> <span class='ocrx_word' id='word_1_179' title='bbox 663 2125 788 2165; x_wconf 86' lang='lat' dir='ltr'>agmina</span> <span class='ocrx_word' id='word_1_180' title='bbox 929 2127 961 2158; x_wconf 86' lang='lat'>4.</span> <span class='ocrx_word' id='word_1_181' title='bbox 986 2126 1054 2157; x_wconf 89' lang='lat' dir='ltr'>Deo</span> <span class='ocrx_word' id='word_1_182' title='bbox 1080 2126 1168 2158; x_wconf 86' lang='lat' dir='ltr'>Patri</span> <span class='ocrx_word' id='word_1_183' title='bbox 1195 2127 1235 2157; x_wconf 90' lang='lat' dir='ltr'>sit</span> <span class='ocrx_word' id='word_1_184' title='bbox 1260 2127 1362 2166; x_wconf 88' lang='lat' dir='ltr'>gloria</span> 
     </span>
     <span class='ocr_line' id='line_1_33' title="bbox 313 2172 1293 2212; baseline 0 -8"><span class='ocrx_word' id='word_1_185' title='bbox 313 2172 363 2204; x_wconf 91' lang='lat' dir='ltr'>De</span> <span class='ocrx_word' id='word_1_186' title='bbox 388 2172 575 2204; x_wconf 88' lang='lat' dir='ltr'>confessoris</span> <span class='ocrx_word' id='word_1_187' title='bbox 599 2172 708 2211; x_wconf 87' lang='lat' dir='ltr'>gloria,</span> <span class='ocrx_word' id='word_1_188' title='bbox 984 2172 1125 2212; x_wconf 87' lang='lat' dir='ltr'>Ejusque</span> <span class='ocrx_word' id='word_1_189' title='bbox 1147 2173 1207 2204; x_wconf 91' lang='lat' dir='ltr'>soli</span> <span class='ocrx_word' id='word_1_190' title='bbox 1227 2172 1293 2205; x_wconf 89' lang='lat' dir='ltr'>filio</span> 
     </span>
     <span class='ocr_line' id='line_1_34' title="bbox 311 2219 1383 2260; baseline 0.002 -9"><span class='ocrx_word' id='word_1_191' title='bbox 311 2219 369 2258; x_wconf 78' lang='lat' dir='ltr'>Qui</span> <span class='ocrx_word' id='word_1_192' title='bbox 393 2220 572 2258; x_wconf 88' lang='lat' dir='ltr'>relinpuens</span> <span class='ocrx_word' id='word_1_193' title='bbox 599 2219 765 2251; x_wconf 86' lang='lat' dir='ltr'>terrestria</span> <span class='ocrx_word' id='word_1_194' title='bbox 991 2220 1067 2252; x_wconf 86' lang='lat' dir='ltr'>Cum</span> <span class='ocrx_word' id='word_1_195' title='bbox 1093 2219 1206 2260; x_wconf 89' lang='lat' dir='ltr'>spiritu</span> <span class='ocrx_word' id='word_1_196' title='bbox 1228 2221 1383 2259; x_wconf 79' lang='lat' dir='ltr'>paraclito</span> 
     </span>
     <span class='ocr_line' id='line_1_35' title="bbox 315 2266 1545 2306; baseline 0.003 -8"><span class='ocrx_word' id='word_1_197' title='bbox 315 2266 501 2306; x_wconf 83' lang='lat' dir='ltr'>quetravit</span> <span class='ocrx_word' id='word_1_198' title='bbox 526 2266 684 2299; x_wconf 85' lang='lat' dir='ltr'>coelestia.</span> <span class='ocrx_word' id='word_1_199' title='bbox 990 2266 1082 2298; x_wconf 87' lang='lat' dir='ltr'>Nunc</span> <span class='ocrx_word' id='word_1_200' title='bbox 1116 2269 1148 2298; x_wconf 82' lang='lat' dir='ltr'>et</span> <span class='ocrx_word' id='word_1_201' title='bbox 1177 2275 1236 2306; x_wconf 89' lang='lat' dir='ltr'>per</span> <span class='ocrx_word' id='word_1_202' title='bbox 1264 2276 1354 2299; x_wconf 87' lang='lat' dir='ltr'>omne</span> <span class='ocrx_word' id='word_1_203' title='bbox 1378 2270 1545 2304; x_wconf 88' lang='lat' dir='ltr'>saeculum.</span> 
     </span>
    </p>

    <p class='ocr_par' dir='ltr' id='par_1_10' title="bbox 334 2347 1547 2390">
     <span class='ocr_line' id='line_1_36' title="bbox 334 2347 1547 2390; baseline 0.005 -14"><span class='ocrx_word' id='word_1_204' title='bbox 334 2349 417 2376; x_wconf 82' lang='lat' dir='ltr'>Brev.</span> <span class='ocrx_word' id='word_1_205' title='bbox 437 2350 615 2376; x_wconf 86' lang='lat' dir='ltr'>Braearense</span> <span class='ocrx_word' id='word_1_206' title='bbox 639 2350 707 2384; x_wconf 86' lang='lat' dir='ltr'>imp.</span> <span class='ocrx_word' id='word_1_207' title='bbox 727 2348 922 2376; x_wconf 54' lang='lat' dir='ltr'>Salmantitaae</span> <span class='ocrx_word' id='word_1_208' title='bbox 948 2347 1029 2376; x_wconf 84' lang='lat'>1512.</span> <span class='ocrx_word' id='word_1_209' title='bbox 1049 2349 1083 2376; x_wconf 93' lang='lat' dir='ltr'>A.</span> <span class='ocrx_word' id='word_1_210' title='bbox 1109 2363 1147 2368; x_wconf 93' lang='lat'>——-</span> <span class='ocrx_word' id='word_1_211' title='bbox 1172 2350 1255 2378; x_wconf 84' lang='lat' dir='ltr'>Brev.</span> <span class='ocrx_word' id='word_1_212' title='bbox 1276 2351 1455 2381; x_wconf 83' lang='lat' dir='ltr'>Bracarense</span> <span class='ocrx_word' id='word_1_213' title='bbox 1479 2355 1547 2390; x_wconf 89' lang='lat' dir='ltr'>imp.</span> 
     </span>
    </p>
   </div>
   <div class='ocr_carea' id='block_1_3' title="bbox 259 2383 609 2414">
    <p class='ocr_par' dir='ltr' id='par_1_11' title="bbox 259 2383 609 2414">
     <span class='ocr_line' id='line_1_37' title="bbox 259 2383 609 2414; baseline -0.003 0"><span class='ocrx_word' id='word_1_214' title='bbox 259 2386 457 2414; x_wconf 68' lang='lat' dir='ltr'>conimbricae</span> <span class='ocrx_word' id='word_1_215' title='bbox 477 2383 556 2413; x_wconf 82' lang='lat'>1634.</span> <span class='ocrx_word' id='word_1_216' title='bbox 577 2387 609 2413; x_wconf 90' lang='grc' dir='ltr'>Β.</span> 
     </span>
    </p>
   </div>
  </div>
 </body>
</html>
