1651 2518
732 135 990 170 —283-

475 229 507 261 4.
535 227 638 260 Corde
665 231 826 261 cantantes
850 239 1033 262 veneremur
1056 230 1113 262 alti

532 276 679 308 Aetheris
703 279 827 316 patrem
853 278 946 309 simul
971 280 1064 318 atque
1088 278 1205 314 natum,

537 322 663 355 Gratias
691 324 798 355 demus
823 325 943 364 pariter
966 325 1102 357 colentes

580 371 719 403 Pneuma
744 374 912 405 sacratum.

278 434 362 461 Brev.
384 433 684 470 Caesaraugustanum
704 437 772 471 imp.
794 436 1041 472 Caesaraugustae
1062 433 1142 463 1527.
1163 436 1195 462 A.
1217 451 1250 456 —
1273 435 1355 462 Brev.
1377 435 1494 462 Caesar-

202 474 394 507 augustanum
415 472 484 507 imp.
505 472 753 509 Caesaraugustae
774 471 854 501 1544.
875 474 908 500 B.

594 583 661 614 497.
698 583 733 614 In
752 583 851 615 Pestis
872 584 1102 615 continentium.

740 651 787 680 Ad
805 651 959 689 Vesperas.

206 718 235 750 1.
257 719 350 751 Jesus
379 719 419 750 ab
444 727 499 750 ore
523 719 658 750 omnium
877 722 908 754 3.
934 720 1027 753 Hanc
1056 728 1179 752 oremus
1202 720 1397 759 suppliciter,

260 765 464 798 Collaudetur
485 764 637 806 fidelium,
934 768 979 801 Ut
1007 777 1064 799 nos
1087 767 1177 806 juvet
1198 766 1377 808 salubriter,

259 812 317 851 Qui
343 812 418 844 fecit
441 815 577 844 mentem
602 812 737 845 feminae
935 815 984 846 Ne
1010 815 1194 846 damnemur
1219 822 1287 844 cum
1311 813 1415 852 impiis

260 860 462 893 Constantem
486 860 519 891 in
545 861 723 894 certamine.
935 863 971 894 In
996 862 1135 893 adventu
1156 861 1221 899 jam
1244 860 1369 899 judicis.

204 917 235 948 2.
261 916 439 949 Honoravit
462 916 622 948 miraculis
879 920 910 950 4.
937 917 1078 956 Praesta,
1103 919 1195 956 pater
1217 916 1364 955 ingenite,

258 963 350 1004 Eam,
375 972 448 995 nam
473 973 492 995 a
516 964 665 1003 periculis
936 965 1012 996 Jesu
1038 972 1106 995 cum
1130 966 1237 994 sancto
1261 965 1438 1002 pneumate,

261 1010 380 1042 Multos
404 1010 540 1042 salvavit
564 1010 717 1042 Dominus
934 1010 979 1043 Ut
1003 1012 1070 1050 ejus
1093 1010 1209 1041 sanctis
1233 1009 1352 1040 meritis

260 1057 363 1097 HuJus
388 1058 500 1089 beatae
524 1058 682 1096 precibus.
937 1057 1022 1089 Coeli
1048 1057 1189 1089 fruamur
1213 1056 1345 1096 gaudiis.

276 1123 360 1150 Brev.
388 1130 441 1150 ms.
463 1122 637 1149 Zamorense
663 1130 737 1150 saec.
765 1120 807 1149 15.
829 1121 897 1149 Cod.
922 1121 1014 1157 Capit.
1035 1122 1174 1149 Zamoren
1198 1129 1221 1147 s.
1248 1129 1275 1147 n.
1295 1120 1329 1147 A.
1353 1135 1389 1139 —
1411 1120 1492 1147 Brev.

204 1160 469 1195 Compostellanum
494 1161 563 1195 imp.
583 1159 756 1195 Ulisiponae
782 1158 863 1187 1497.
883 1161 916 1187 B.
939 1174 975 1177 —
994 1160 1078 1187 Brev.
1096 1158 1296 1185 Placentinum
1315 1159 1382 1193 imp.
1402 1158 1489 1185 Vene-

202 1200 251 1225 tiis
273 1195 355 1225 1503.
378 1197 407 1225 C.
428 1213 465 1217 —
484 1197 568 1224 Brev.
589 1197 766 1233 Hispalense
790 1199 859 1233 imp.
879 1197 998 1233 Hispali
1024 1194 1105 1224 1521.
1125 1196 1162 1223 D.
1188 1210 1223 1215 ’-
1250 1195 1333 1222 Brev.
1354 1195 1495 1223 Gienenss·

199 1237 267 1271 imp.
287 1236 407 1271 Hispali
434 1232 514 1262 1528.
534 1235 569 1262 E.
594 1249 632 1253 -
658 1236 741 1263 Brev.
762 1236 935 1262 Zamorense
960 1237 1028 1270 imp.
1056 1231 1141 1261 15**.
1160 1233 1193 1260 F.
1243 1251 1246 1254 -
1269 1233 1354 1260 Brev.
1375 1233 1442 1261 Orci.
1465 1233 1493 1260 S.

200 1273 305 1300 Jacobi
326 1273 362 1300 de
380 1273 473 1309 Spata
491 1273 559 1308 imp.
579 1272 709 1309 Legione
730 1270 810 1301 1532.
831 1273 864 1300 G.
883 1288 921 1292 —
940 1273 1023 1299 Brev.
1043 1272 1186 1300 Gienense
1204 1272 1273 1306 imp.
1296 1268 1379 1297 151**.
1399 1271 1437 1298 H.

201 1312 284 1338 Brev.
312 1311 514 1338 Placentinum
540 1311 607 1344 imp.
628 1311 761 1338 Venetiis
789 1308 869 1338 1554.
896 1311 920 1337 Ι.
945 1325 982 1329 —
1006 1310 1090 1337 Brev.
1111 1309 1289 1337 Civitatense
1313 1309 1381 1343 imp.
1412 1306 1492 1335 1552.

198 1349 234 1376 K.
257 1363 292 1367 -
312 1346 339 1382 3,
359 1347 378 1376 4
393 1349 455 1384 jam
475 1348 547 1375 fehlt
567 1347 596 1375 O.

592 1457 658 1489 498.
690 1457 724 1488 In
745 1457 844 1488 Pestis
865 1456 1097 1488 Contine-utinm.

717 1523 764 1552 Atl
782 1523 971 1553 Nocturnum.

202 1597 232 1629 1.
259 1596 296 1628 In
321 1596 414 1634 hujus
440 1601 523 1625 nunc
547 1593 715 1632 praeconia
877 1594 908 1624 2.
936 1592 960 1624 O
985 1594 1095 1622 sancta
1118 1589 1179 1621 Dei
1204 1588 1329 1631 famula,

258 1642 412 1683 Linguam
437 1641 540 1672 solvat
564 1640 707 1679 ecclesia,
934 1639 1020 1678 Quae
1043 1645 1156 1676 regnas
1181 1644 1238 1675 per
1263 1636 1388 1668 saecula

257 1690 379 1722 Novam
403 1687 580 1729 praeconiis
606 1687 739 1726 gloriam
934 1686 1030 1724 Apud
1056 1693 1125 1716 eum
1148 1684 1271 1715 veniam

258 1738 387 1769 Promat
410 1734 567 1775 sperando
589 1734 723 1765 veniam.
934 1732 1034 1764 Nobis
1059 1739 1169 1771 poscas
1195 1733 1227 1761 et
1251 1730 1390 1770 gloriam.

594 1791 625 1823 3.
651 1791 792 1828 Praesta,
818 1791 909 1828 pater
933 1788 1073 1828 piissime

646 1837 797 1876 Patrique
821 1844 949 1875 compar
971 1836 1073 1877 unice,

648 1884 724 1916 Cum
748 1883 863 1923 spiritu
885 1883 1040 1923 paraclito

646 1931 792 1971 Regnans
815 1939 873 1970 per
897 1939 988 1962 omne
1012 1928 1180 1961 saeculum.

268 2002 353 2029 Brev.
375 2000 553 2028 civitatense
572 1999 641 2032 imp.
664 1995 744 2023 1555.

595 2107 663 2139 499.
693 2107 725 2138 ln
747 2105 844 2137 Festis
866 2104 1098 2137 continentium.

742 2174 790 2204 Ad
809 2174 935 2204 Laudes.

193 2253 224 2285 1.
251 2252 309 2284 Pia
332 2254 434 2282 mater
460 2250 492 2279 et
516 2246 653 2286 humilis,
872 2245 904 2277 2.
929 2243 975 2275 Te
1000 2242 1206 2282 deprecamur
1230 2241 1358 2281 largius,

250 2299 392 2331 Naturae
416 2304 536 2327 memor
561 2293 694 2335 fragilis,
931 2290 1055 2322 Nostris
1081 2288 1203 2328 adauge
1226 2288 1369 2320 sensibus

249 2347 287 2379 In
312 2346 404 2385 huJ'us
429 2344 514 2376 vitae
539 2340 686 2374 fluctibus
933 2337 1066 2370 Nescire
1089 2345 1220 2376 prorsus
1246 2336 1350 2367 omnia

249 2394 315 2426 Nos
341 2402 415 2433 rege
440 2391 502 2422 tuis
527 2389 684 2430 precibus.
934 2384 1151 2425 corruptionis
1176 2384 1315 2417 vulnera.
