1651 2518
743 98 974 127 *52—

497 191 527 222 3.
552 189 731 228 Martyrum
753 187 831 219 nulli
855 186 916 218 fuit
936 187 1002 218 ulla
1025 195 1126 225 poena

552 235 664 274 Tanta,
688 237 842 265 tortorum
867 241 963 274 genus
987 241 1078 264 omne
1101 233 1243 272 quamvis

553 281 680 313 Ferreis
703 279 790 311 uncis
814 280 970 310 laceraret
993 281 1079 311 artus

600 327 746 365 Corporis
772 334 887 368 omnes,

494 386 527 417 4.
554 383 630 415 Cum
654 383 724 421 pius
747 384 887 413 nostram
911 381 1020 413 sitiens
1044 382 1176 413 salutem

553 430 615 462 Ore
646 428 791 460 clamavit
814 428 916 459 sitio
940 430 1073 467 sacrato,

546 476 590 507 Et
613 475 699 507 ferus
723 474 813 506 miles
837 474 911 506 tulit
933 475 975 505 ad
997 473 1169 506 bibendum

595 522 655 553 Fel
680 524 711 552 et
735 522 866 552 acetum.

494 579 525 611 5.
553 577 693 609 Gloriam
720 576 802 615 patri
828 576 1000 607 tribuamus
1026 584 1132 607 omnes

552 623 596 654 Et
620 625 689 662 pias
714 622 823 654 laudes
847 622 951 663 genito
975 622 1129 661 simulque

548 669 712 701 Pneumati
736 670 854 709 sancto,
880 669 1025 709 genitrici
1050 671 1082 700 et
1103 668 1166 708 ipsi

594 716 711 748 Demus
734 716 894 750 honorem.

300 781 383 807 Brev.
406 780 708 817 Caesen-augustanum
728 782 796 816 imp.
818 780 1065 816 Caesaraugustae
1086 777 1167 807 1544.

643 868 683 900 51.
722 869 757 900 In
778 868 987 901 Transfixione
1005 869 1090 901 Bmv.

739 934 788 963 Ad
806 934 994 964 Nocturnum.

434 1004 464 1036 1.
490 1004 590 1036 Laeta
615 1012 694 1044 quae
717 1003 804 1035 nullo
828 1004 952 1043 peperit
978 1004 1094 1046 dolore,

491 1051 616 1083 Moesta
638 1059 720 1082 nunc
743 1058 870 1090 passum
895 1050 983 1082 videt
1007 1052 1039 1081 et
1063 1053 1234 1091 cruentum,

494 1098 620 1130 Vertice
644 1106 663 1129 a
687 1106 776 1129 sacro
801 1098 892 1136 pedis
917 1106 1015 1137 usque
1037 1098 1177 1137 plantam

539 1143 678 1176 Vulnera
701 1144 797 1176 mine.

430 1202 463 1232 2.
491 1202 576 1240 Quae
598 1201 686 1240 prius
709 1200 805 1232 matri
827 1199 953 1232 fuerant
974 1201 1127 1243 levamen,

493 1246 598 1279 Verba
622 1255 705 1278 nune
727 1255 819 1279 versa
838 1247 871 1279 in
895 1247 1024 1279 nimium
1050 1248 1187 1279 dolorem

490 1293 642 1326 Excitant
665 1294 771 1325 tristes
796 1295 928 1333 gemitus
953 1298 984 1325 et
1007 1297 1127 1334 angunt

538 1340 668 1372 Viscera
692 1344 810 1373 sancta.

432 1397 463 1430 3.
487 1396 581 1439 Ecce,
605 1404 677 1427 nam
700 1396 789 1436 dixit,
815 1396 960 1436 genitrix,
985 1397 1119 1438 alumno,

491 1443 581 1475 Haec
604 1442 672 1482 tibi,
700 1446 732 1474 et
752 1443 863 1476 matri:
890 1443 1011 1483 mulier,
1037 1446 1108 1474 tuus
1129 1443 1192 1483 jam

493 1490 594 1522 Filius
619 1489 716 1522 stabit
740 1491 812 1530 pius
836 1490 896 1522 iste
918 1490 952 1521 in
976 1490 1059 1522 omni

539 1536 695 1576 Tempore
718 1537 811 1569 vitae.

433 1594 463 1625 4.
490 1593 580 1625 Illius
602 1593 668 1632 Jam
692 1595 768 1624 tunc
791 1593 924 1625 animam
950 1593 1105 1625 dolentem

495 1640 636 1671 Transiit
659 1648 765 1672 mucro
791 1639 942 1672 Simeonis
964 1649 1019 1672 ore

494 1686 608 1718 Dictus
632 1687 664 1718 in
690 1687 816 1727 templo,
841 1696 973 1727 puerum
997 1688 1118 1727 recepit

543 1733 618 1765 Cum
644 1742 740 1773 super
763 1734 862 1766 ulnas.

435 1790 467 1823 5.
494 1789 635 1822 (Roriam
658 1790 744 1828 patri
768 1789 944 1822 tribuamus
967 1799 1075 1822 omnes

492 1836 537 1868 Et
556 1836 627 1875 pias
648 1837 758 1868 laudes
780 1838 884 1877 genito
909 1837 1063 1878 simulque

496 1884 660 1915 Pneumati
685 1887 802 1923 sancto,
829 1884 972 1924 genitrici
997 1887 1029 1916 et
1051 1884 1114 1923 ipsi

538 1929 657 1961 Demus
681 1930 841 1964 honorem.

298 1993 382 2021 Brev.
403 1992 705 2028 Gaesaraugustanum
724 1994 793 2030 imp.
815 1993 1062 2030 Caesaraugustae
1083 1992 1163 2022 1544.

686 2083 732 2114 52.
775 2082 818 2114 De
837 2083 959 2114 Pietate
977 2083 1039 2114 VM.

715 2150 764 2179 Ad
784 2150 873 2188 Vesp.
893 2152 923 2180 et
940 2149 1026 2179 Noet.

226 2218 255 2251 1.
282 2217 428 2249 Intrabat
451 2218 498 2249 sol
523 2226 671 2250 oceanum
898 2219 928 2251 2.
955 2218 1040 2256 Quae
1063 2219 1111 2250 vis
1136 2221 1250 2252 amoris
1277 2222 1377 2259 potuit

284 2264 471 2295 causantem
493 2267 617 2296 noctem
639 2273 781 2307 vespera,
954 2266 1008 2296 Ad
1031 2264 1091 2296 hoe
1114 2268 1156 2305 te,
1182 2270 1265 2307 nate,
1289 2268 1427 2309 vincere,

286 2309 361 2342 Cum
387 2313 488 2342 morte
512 2312 637 2350 plexum
663 2320 776 2350 aspera
958 2311 1003 2343 Ut
1025 2311 1107 2343 illud
1130 2313 1210 2344 mori
1233 2314 1372 2355 tolleres,

286 2356 459 2397 Plangebat
480 2361 581 2389 mater
604 2359 739 2391 unicum.
957 2356 1046 2399 Quod
1069 2358 1131 2392 ista
1153 2361 1281 2392 moestis
1306 2362 1431 2401 genuit2
