1651 2518
766 137 1022 172 ——1'76-

477 235 506 266 6.
532 234 591 266 Ad
619 242 788 265 coenam
812 232 908 272 agni
932 233 1106 271 providi
1132 235 1163 264 et
1185 232 1299 274 magni,

535 280 632 319 Deus,
659 279 812 311 conducas
837 288 894 310 nos
920 281 951 310 et
974 279 1165 321 introducas,

535 326 634 358 Natos
659 334 734 365 quos
759 325 855 356 habet
878 334 1002 365 sponsa,
1029 334 1108 364 quae
1127 334 1189 357 non
1213 325 1312 365 tabet,

580 371 772 411 Virginis
796 372 946 411 proles.

478 449 509 479 7.
535 447 723 478 Aeterna
748 445 910 477 Christi
933 454 1103 477 munera
1128 454 1197 477 eum
1220 446 1291 477 sisti

535 494 646 526 Coram
670 494 702 523 te
725 491 789 523 fine
812 500 868 523 nos
894 494 1027 531 oportet,
1052 492 1119 523 sine

534 539 667 570 Nostros
690 541 806 578 reatus,
835 539 884 579 da,
910 547 1029 569 summe
1052 538 1173 578 beatuS,

580 585 666 617 Rex
690 585 887 624 gloriose.

328 652 410 678 Brev.
431 658 483 678 ms-
503 650 679 677 Pinnatense
700 657 772 676 saec.
795 647 838 677 13.
860 648 929 676 Cod.
950 649 1107 677 Scorialen.
1122 650 1145 676 P
1165 649 1211 676 HI
1232 647 1276 676 12.
1297 648 1360 676 add.
1381 656 1455 676 saee.
1471 646 1543 675 ¹³!1A.

252 688 286 715 A.
311 703 324 707 —
374 689 460 716 Brev.
486 696 539 713 ms.
563 687 741 714 Pinna-tense
767 695 841 714 saec.
864 685 907 714 15.
939 687 1007 714 Cod.
1030 686 1187 714 Seorialen.
1214 687 1233 713 f.
1253 687 1295 714 IV
1315 684 1350 714 26
1371 687 1403 713 Β.
1430 701 1464 704 -
1488 686 1545 713 Die

252 734 287 760 ge
306 728 418 761 peri-ten
438 724 548 753 btellen
568 724 702 752 s'amtlioh
725 724 858 761 Antange
877 724 997 752 auderet
1017 725 1161 759 Hymnen.

669 861 737 892 300.
777 861 821 892 De
841 862 946 892 saneto
967 860 1130 893 Indaletio.

762 927 810 957 Ad
831 928 1020 958 Nocturnum.

256 998 285 1030 1.
311 998 447 1029 Nocte
464 1000 688 1038 surgentes
705 999 872 1037 pariter
931 999 961 1030 3.
986 998 1010 1030 Ο
1037 1006 1109 1028 rex
1134 1000 1307 1029 aeterne
1330 997 1519 1040 Domine,

314 1044 562 1085 Psalmigraphis
587 1045 742 1084 hilariter,
984 1044 1101 1076 Ditasti
1127 1047 1213 1076 tanto
1238 1044 1363 1075 homine

314 1093 360 1125 Ut
383 1090 584 1123 vendicemus
609 1092 743 1131 grandia
984 1091 1051 1122 Nos
1076 1093 1166 1122 aucto
1188 1091 1355 1130 Indaletio,

310 1139 440 1170 Beata
463 1138 584 1169 nobis
610 1139 774 1178 gaudia.
986 1138 1103 1177 Jesu‚
1129 1138 1541 1177 nostraredemptio.

255 1215 286 1245 2.
314 1213 465 1245 Summi
488 1213 870 1253 largitorpraemii
928 1215 959 1246 4.
985 1212 1241 1244 Aurealuee
1266 1211 1433 1252 fulgida

312 1260 362 1291 De
386 1260 455 1291 sinu
480 1268 613 1298 sponsae
637 1260 746 1300 gremii
986 1260 1006 1292 J
1007 1270 1057 1292 am
1082 1260 1212 1299 gloriam
1237 1261 1271 1290 tu
1297 1259 1364 1299 regi
1389 1260 1438 1302 da,

314 1308 389 1340 Cum
415 1310 535 1346 septem
559 1309 666 1346 patres
693 1307 834 1347 dederat,
986 1308 1071 1347 Quae
1091 1306 1235 1346 possides
1259 1306 1342 1337 huno
1358 1307 1541 1346 praesulem,

312 1353 401 1385 Jam
428 1353 626 1386 Christus
659 1356 774 1385 astra
805 1363 869 1385 as-
986 1354 1097 1388 Urbs
1122 1354 1247 1385 beata
1272 1354 1518 1386 Jerusalem.

647 1409 665 1431 ο
673 1409 690 1432 e
700 1410 719 1432 n
732 1401 752 1433 d
761 1409 779 1432 e
786 1411 803 1432 r
811 1410 829 1433 a
838 1403 860 1433 t.

527 1467 557 1498 5.
584 1465 703 1504 Quem
728 1469 861 1506 terra,
888 1471 1060 1506 pontus,
1089 1467 1264 1499 aethera

582 1512 685 1544 Deum
708 1513 829 1554 timent,
856 1516 888 1545 et
912 1516 1016 1545 cetera

581 1560 628 1591 Te
652 1561 765 1601 colant,
793 1561 866 1593 diva
888 1561 1003 1601 unitas,

586 1607 610 1639 O
631 1607 720 1648 lux,
746 1607 872 1640 beata
893 1608 1085 1640 trinitas.

329 1674 413 1701 Br.ev
434 1682 486 1701 ms.
507 1674 685 1701 Pinnatense
705 1682 780 1701 saec..
802 1671 845 1702 13.
872 1674 941 1701 Cod.
963 1673 1121 1701 Seorialen.
1141 1674 1165 1701 P
1182 1674 1227 1701 111
1248 1672 1283 1701 12
1301 1673 1364 1701 add.
1385 1681 1458 1701 saec
1473 1670 1544 1701 ¹³l14.

253 1712 286 1738 A.
311 1726 350 1730 -
373 1712 458 1739 Brev.
483 1720 535 1739 ms.
555 1711 733 1739 Pinnatonse
759 1720 833 1739 saec.
855 1710 899 1739 15.
927 1711 995 1739 Cod.
1016 1711 1174 1740 Seorialen.
1194 1712 1212 1739 f.
1232 1712 1275 1739 IV
1294 1709 1339 1739 26.
1359 1712 1392 1738 Β.
1419 1725 1455 1730 —
1481 1709 1506 1745 2,
1526 1708 1546 1737 4

253 1752 333 1777 astra
351 1750 425 1777 fehlt
443 1750 477 1778 A.
499 1765 533 1769 -
555 1747 581 1784 5,
602 1747 619 1776 2
640 1752 669 1776 et
686 1749 759 1777 fehlt
777 1750 836 1778 AB.

668 1889 728 1922 301.
770 1890 813 1921 De
834 1890 940 1921 saneto
960 1888 1122 1920 Indaletio.

806 1957 854 1986 Ad
872 1956 998 1987 Laudes.

480 2027 510 2060 1.
535 2026 594 2057 Au
604 2035 646 2057 ro
656 2035 700 2056 ra
722 2025 828 2056 rutil
840 2034 857 2056 a
868 2034 913 2056 ns
923 2049 931 2064 ,
957 2025 1004 2056 sol
1028 2025 1075 2055 illi
1100 2025 1250 2067 conscius,

534 2072 688 2111 Lunaque
712 2072 827 2109 sidera,
855 2071 1042 2110 splendeant
1066 2069 1178 2102 fortius

535 2118 605 2150 Hac
630 2118 691 2158 die,
718 2127 779 2157 qua
803 2127 857 2149 san
863 2120 930 2148 ctus
953 2116 1127 2149 Indaletius

581 2164 667 2197 Lux
692 2172 788 2195 ecce
811 2163 952 2202 surgit
975 2171 1111 2194 aurea.

476 2240 507 2270 2.
533 2239 697 2270 Aurora
716 2238 796 2276 jam
823 2236 993 2279 spargit
1016 2235 1166 2266 mundum
1185 2235 1241 2266 scd
1267 2236 1381 2268 clarius

531 2285 672 2316 Montem
696 2284 866 2324 Avetitum,
892 2291 952 2321 quo
978 2282 1033 2313 das
1057 2281 1184 2313 uberius

531 2330 677 2361 Solemne
700 2330 761 2360 hoo
785 2329 907 2368 festum,
933 2330 1073 2359 sanctum
1099 2330 1130 2357 et
1155 2327 1268 2370 verius,

578 2375 704 2415 Deus,
730 2378 895 2406 tuorum
917 2373 1104 2405 militum.
