1651 2518
776 124 1028 159 —254—

531 222 559 253 5.
586 220 680 260 Cujus
705 220 857 252 obscaeno
881 220 994 251 misere
1014 219 1048 250 in
1073 222 1199 250 tracone

588 267 717 306 Corpus,
743 269 779 298 ut
803 266 919 298 Christi
945 265 1078 298 famulos
1103 266 1226 306 lateret,

587 314 687 353 quue
709 313 831 345 Lucina
853 313 971 345 tumulo
997 313 1116 352 quievit

638 360 798 400 Nocteque
821 360 941 399 prodis.

530 427 559 459 6.
585 426 629 458 Ut
653 426 715 457 tuis
739 435 794 457 ora
817 425 937 456 meritis
961 425 1069 457 Jesum

586 474 679 505 Peste
704 472 838 504 contacti
862 472 1057 503 redimantur
1081 480 1187 503 omnes

588 519 693 558 thue
718 518 882 558 Gumperti
905 519 957 549 lue
981 519 1107 557 dempta
1132 519 1287 558 quondam

632 566 739 597 Patria
762 569 838 598 tota.

531 633 561 665 7.
587 631 674 663 Unus
700 633 731 662 et
754 631 855 662 trinus
880 630 1091 669 Dominusque
1115 633 1219 661 rector

586 677 688 709 Corde
710 677 855 709 laudetur
879 677 1047 716 stabilique
1070 680 1183 716 mente,

588 724 706 756 Cuncta
728 725 780 763 qui
804 724 938 764 plasmat
962 724 1044 763 regit
1067 726 1099 754 et
1123 726 1268 763 potenter

634 771 745 803 Saecla
766 779 824 810 per
849 771 941 804 orbis.

336 845 426 872 Aurea
448 845 601 880 Exp0¹itio
621 845 793 878 hymnorum
817 853 876 872 uua
900 853 964 871 cum
991 846 1072 871 textu
1091 845 1204 871 noviter
1223 843 1374 871 emendata
1393 852 1444 878 per
1462 843 1546 870 Jaco-

261 883 329 909 bum
348 883 445 909 Alcra.
466 881 660 909 Salmantieae
686 880 765 909 1501.
789 896 820 901 —
843 882 964 917 „Jacobi
984 881 1073 909 Alora
1091 883 1214 916 hymnus
1234 881 1300 908 divo
1320 882 1440 915 martyri
1460 880 1546 908 Seba-

261 920 353 946 stiano
375 920 423 954 pie
442 918 579 946 dicatus.“

671 1058 739 1088 442.
780 1058 823 1089 De
843 1058 948 1088 sancto
969 1057 1129 1088 Silvestre.

806 1133 853 1162 Ad
876 1133 1001 1163 Laudes.

262 1212 293 1244 1.
319 1212 488 1243 Precamur
513 1214 632 1242 tantum
657 1212 834 1250 praesulem
931 1213 962 1244 2.
988 1212 1160 1251 Despicere
1183 1212 1337 1250 mortalia,

318 1259 379 1289 Pro
405 1258 495 1289 nobis
521 1266 588 1289 esse
612 1259 796 1298 supplicem,
989 1260 1150 1298 Appetere
1174 1258 1330 1297 coelestia,

316 1305 419 1336 Prece
443 1305 546 1336 solvat
571 1305 761 1341 criminibus,
990 1305 1101 1336 Secum
1125 1305 1262 1345 gaudere
1286 1304 1383 1336 faciat

315 1351 412 1382 Precc
435 1350 537 1382 firmet
562 1351 740 1384 virtutibus.
988 1352 1105 1383 Erutos
1131 1352 1233 1383 carnis
1258 1351 1390 1383 sarcina.

649 1419 679 1450 3.
708 1417 826 1454 Annue,
855 1417 978 1449 Christe
1001 1417 1156 1457 precibus,

704 1463 760 1495 Cui
784 1472 851 1495 cum
877 1466 978 1503 patre,
1004 1464 1116 1503 spiritu

702 1510 763 1541 Est
784 1519 899 1549 perpes
923 1511 1033 1550 virtus,
1063 1511 1163 1550 gloria

702 1558 731 1588 A
758 1558 890 1589 saeculis
914 1558 947 1589 in
972 1558 1106 1590 saecula.

333 1631 415 1657 Brev.
436 1639 487 1658 ms.
507 1631 698 1666 Hispanicum
719 1639 791 1658 saec
813 1628 886 1665 ulie.
909 1630 977 1658 Cod.
995 1631 1155 1658 Londinen.
1175 1631 1246 1658 Add.
1267 1629 1375 1659 30849.

679 1758 747 1789 443.
786 1759 830 1789 Dc
849 1758 1009 1790 Sororibus
1028 1759 1113 1789 mlv.

808 1835 856 1864 Ad
874 1835 1000 1865 Laudes.

261 1915 294 1946 1.
320 1913 467 1945 Exsultet
491 1914 610 1945 coelum
636 1914 780 1945 laudibus
931 1915 961 1945 2.
988 1914 1088 1946 Datus
1113 1923 1245 1953 sponsus
1267 1914 1418 1945 ecclesiae

315 1961 360 1993 Et
384 1961 495 1992 chorus
519 1964 626 1992 noster
649 1961 771 2000 gaudiis
988 1961 1048 1992 Est
1072 1969 1110 1992 ex
1133 1961 1246 1992 Annae
1269 1961 1428 2001 progenie,

318 2008 438 2039 Canens
463 2008 609 2047 hymnum
633 2007 793 2038 sororibus
989 2008 1045 2039 Cui
1072 2008 1165 2039 datae
1189 2010 1262 2039 sunt
1284 2010 1348 2038 tres
1369 2006 1454 2039 filiae

314 2055 350 2086 In
377 2054 424 2085 his
448 2054 545 2086 sacris
569 2054 739 2086 solemniis,
987 2054 1109 2086 Nomen
1131 2057 1275 2094 gerentes
1297 2054 1430 2087 Mariae.

618 2121 648 2153 3.
675 2120 736 2151 Per
760 2129 901 2152 sororum
924 2120 1072 2160 suffragia

676 2166 784 2198 Trium
807 2168 898 2199 unius
921 2168 1054 2199 nominis

676 2214 740 2245 Det
762 2214 852 2245 nobis
877 2214 955 2246 coeli
978 2214 1092 2254 gaudia

676 2261 790 2292 Trinus
813 2261 905 2293 unius
926 2261 1070 2294 numiniS.

298 2374 304 2379 Π
332 2337 414 2363 Brev.
436 2336 605 2380 Seguntium
631 2337 699 2371 imp.
720 2335 877 2370 Seguntiae
904 2333 984 2363 1561.
1013 2349 1047 2353 ——
1074 2333 1100 2369 2,
1128 2333 1145 2361 2
1170 2335 1210 2362 Et
1236 2344 1271 2362 ex
1291 2334 1400 2362 Annae.
1420 2350 1458 2354 —
1477 2332 1503 2369 3,
1523 2334 1543 2362 4

256 2381 341 2400 umus
360 2382 494 2400 muneris.
