1651 2518
686 107 938 143 -103—

165 204 197 235 3.
222 202 354 243 Linquit
379 204 491 246 castra,
515 204 597 243 petit
620 207 715 248 astra,

271 251 433 290 Supernae
458 250 533 282 data
557 251 693 291 gloriae3

222 297 306 336 Quid
328 296 479 335 turbariS,
505 297 662 340 irascaris,

270 342 622 376 HostisHerodes
638 343 784 384 impie?

167 400 198 431 4.
225 399 357 432 Scandit
383 400 496 439 coelos,
523 403 630 432 cantat
652 402 751 433 melos

272 447 392 480 Chorus
417 450 596 479 sanctarum
617 448 782 489 virginum,

225 492 353 525 Gaudet
379 493 462 526 alma
485 498 611 534 sumpta
633 496 746 536 palma,

270 540 388 582 Jesu,
408 549 561 573 corona
576 542 785 582 virginum.

841 206 871 237 5.
898 204 985 237 Ordo
1012 203 1147 236 chordae
1171 203 1296 242 plantat
1320 203 1416 235 corde

943 251 1095 291 Repletus
1120 250 1215 282 corde
1240 250 1380 292 coelitus,

898 298 985 330 Dans
1010 301 1127 338 optata,
1155 297 1233 328 dans
1258 299 1395 338 captata,

946 346 1059 385 Veni,
1078 346 1247 375 creator
1262 344 1459 383 spiritus·

843 402 872 434 6.
900 400 1014 433 Sancta
1039 401 1142 440 Clara,
1167 408 1306 431 mensam
1330 409 1410 439 para

945 447 1078 488 Antiqui
1100 455 1220 478 memor
1244 445 1368 487 ferculi,

899 495 983 526 Para
1007 495 1114 534 dapes,
1141 503 1216 534 quas
1241 494 1317 525 dant
1341 502 1427 534 apem

948 541 967 573 J
978 550 1064 582 esu,
1081 541 1169 573 salv
1180 544 1271 572 ator
1286 540 1458 573 saeculi.

534 599 564 631 7.
590 598 679 637 Quod
703 597 861 636 implorat,
887 598 970 636 quod
993 598 1102 629 exorat

632 644 797 676 Francisci
821 644 899 675 haec
922 643 1052 684 familia,

590 691 659 723 Cito
687 692 761 723 dato
787 691 881 722 corde
905 693 1003 730 grato.

632 739 817 770 Aeterna
841 738 949 769 coeli
972 737 1123 777 gloria.

240 801 320 829 Orat.
349 811 401 830 ms.
429 802 655 830 Franciseanum
683 810 759 830 saec.
791 800 833 829 15.
862 802 1056 830 Privatbesitz
1084 803 1116 829 in
1143 802 1291 830 Valencia.
1321 817 1354 822 -—
1377 801 1410 836 1,
1439 799 1457 828 2

164 840 310 867 Veterum.
331 855 368 859 —
387 838 414 873 3,
435 837 453 867 3
473 840 543 873 quid
562 841 706 868 irascaris.

608 930 671 962 154.
710 931 753 962 De
773 930 879 961 saneto
895 930 1010 962 Disma.

702 996 750 1027 Ad
769 996 924 1034 Vesperas.

169 1066 199 1097 1.
226 1066 342 1105 Pange,
369 1067 485 1106 lingua,
510 1066 710 1105 praedatoris

274 1112 382 1144 Sancti
401 1113 627 1153 poenitentiam

228 1159 334 1199 Atque
357 1160 457 1191 nostri
480 1160 689 1200 redemptoris

272 1207 461 1238 Immensam
486 1207 694 1247 clementiam,

225 1253 269 1285 Ut
295 1262 333 1284 ex
357 1252 433 1285 fletu
456 1254 632 1292 peccatoris

273 1299 383 1332 Sumat
406 1300 475 1339 quis
499 1300 657 1333 fiduciam.

168 1356 198 1388 2.
225 1355 324 1387 Nobis
349 1357 382 1387 in
408 1357 584 1395 exemplum
609 1357 699 1388 datus

270 1403 406 1435 Fructus
428 1404 650 1444 poenitentiae,

224 1449 270 1481 Ut
292 1459 383 1481 nemo
407 1449 450 1480 sit
474 1450 658 1489 desperatus

272 1497 516 1537 Consequendae
539 1498 657 1538 veniae,

226 1542 504 1583 Quantumcunque
523 1545 697 1576 maculatus

271 1590 441 1630 Multiplici
468 1591 607 1623 crimine.

169 1647 200 1678 3.
226 1646 263 1678 In
281 1655 446 1686 supremae
469 1647 554 1678 vitae
577 1647 666 1687 hora,

272 1693 403 1732 Quando
427 1693 508 1725 latro
532 1695 676 1734 moritur,

224 1741 395 1772 Paradisus
420 1740 487 1772 sine
511 1750 599 1772 mora

269 1787 384 1819 Eidem
410 1787 591 1819 conceditur

225 1833 404 1875 Christique
429 1843 505 1866 voce
529 1843 643 1866 sonora

268 1881 462 1914 Coelestibus
483 1882 632 1915 traditur.

839 1067 872 1100 4.
898 1065 1033 1098 Verbum
1061 1064 1139 1098 dicit
1161 1067 1235 1096 nato
1258 1065 1330 1107 Dei,

944 1112 993 1144 De
1017 1122 1077 1152 quo
1102 1114 1136 1142 tu
1160 1111 1343 1146 miraberis:

898 1159 1042 1200 Domine,
1067 1161 1221 1190 memento
1247 1159 1317 1201 mei,

943 1206 1025 1238 Dum
1049 1207 1082 1238 in
1107 1214 1238 1245 regnum
1261 1206 1408 1247 veneris3

898 1253 1083 1293 Respondet
1105 1253 1287 1291 redemptor
1310 1253 1374 1286 rei:

944 1300 1050 1332 Hodie
1073 1299 1257 1333 salvaberis,

842 1376 872 1390 ..
899 1355 1033 1387 Tantum
1059 1364 1131 1394 ergo
1157 1353 1367 1387 confessorem

945 1403 1138 1434 Veneremur
1161 1402 1309 1434 laudibus

898 1449 941 1480 Et
965 1458 1120 1481 sumamus
1144 1451 1365 1490 protectorem,

948 1497 994 1529 Ut
1017 1499 1181 1528 succurrat
1205 1496 1347 1528 omnibus

899 1544 1004 1583 Atque
1027 1546 1137 1576 exoret
1159 1543 1393 1583 redemptorem

946 1591 1009 1623 Pro
1034 1590 1149 1622 nostris
1176 1590 1369 1625 criminibus,

868 1673 875 1680 .
901 1646 998 1678 Triuo
1023 1647 1091 1679 Deo
1117 1646 1186 1677 laus
1211 1649 1243 1677 et
1265 1648 1319 1678 uni

947 1693 1089 1725 Donetur
1113 1701 1171 1732 per
1195 1695 1331 1734 saecula,

899 1740 958 1779 Qui
983 1740 1138 1773 concessit
1162 1742 1193 1771 et
1215 1741 1332 1773 latroni

947 1787 1034 1819 Coeli
1058 1786 1272 1827 tabernacula,

898 1834 944 1866 Ut
966 1835 1056 1866 nobis
1082 1834 1226 1866 coelestis
1253 1835 1328 1867 doni

948 1881 1054 1913 Donet
1074 1881 1264 1914 habitacula.

238 1947 322 1975 Brev.
350 1946 528 1984 Segoviense
553 1948 621 1982 imp.
647 1946 814 1975 Vallisoleti
843 1945 923 1974 1527.
944 1963 982 1967 —
1001 1949 1061 1975 Der
1079 1947 1172 1974 Name
1197 1948 1237 1974 ist
1262 1949 1332 1975 stets
1351 1949 1455 1976 Dimas

161 1985 359 2021 geschrieben.

605 2076 666 2108 155.
707 2077 751 2108 De
770 2077 876 2107 saneto
892 2077 1006 2109 Disma.

676 2143 725 2173 Ad
744 2142 933 2173 Nocturnum.

481 2213 512 2245 1.
540 2212 646 2245 Sacris
670 2212 830 2245 solemniis
852 2213 1017 2253 jungamus
1042 2213 1175 2256 cantica,

538 2260 621 2293 Dum
645 2261 735 2292 nobis
759 2260 882 2291 miseris
908 2260 1001 2293 datur
1024 2260 1150 2301 fiducia,

542 2308 630 2347 Quod
656 2307 874 2348 peccatoribus
898 2317 961 2340 non
987 2308 1069 2340 desit
1092 2308 1194 2352 venia,

585 2356 762 2388 Dummodo
786 2355 1028 2395 poenitentibus.
