1651 2518
213 2021 231 2052 cs(

725 100 976 135 --184-

268 194 487 226 Creaturarum
512 195 634 234 genitor

271 240 401 273 Servum
428 241 566 273 servavit
588 241 761 280 proprium,

267 287 377 319 Totius
402 287 475 319 boni
500 288 643 319 conditor

265 334 353 365 Intra
378 337 527 365 terrestre
550 334 711 375 gremium,

268 380 311 413 Ut
336 383 419 412 esset
443 381 531 412 testis
558 381 660 412 editor

268 427 439 459 SalvatorIS
464 426 635 458 humilium.

268 483 350 514 Dum
376 491 468 514 sacra
492 483 584 522 gleba
609 483 746 514 cernitur

267 529 350 561 Satis
374 529 507 561 miratur
533 529 624 568 ratio,

267 576 355 614 Quod
379 576 549 607 membrum
580 585 639 607 non
671 575 821 607 dividitur

266 621 515 662 Unumquodque
540 622 578 653 ab
604 623 675 664 alio,

266 668 328 700 Sed
357 669 462 700 totalis
488 669 683 701 connectitur

266 714 351 747 Nata
376 716 612 755 compaginatio.

234 796 241 803 .
266 771 347 802 Dum
373 774 461 802 aestu
485 774 571 802 terra
593 771 757 813 premitur,

264 817 309 849 Et
330 817 502 856 abnegatur
525 818 642 860 pluvia,

266 864 438 902 Sepulchro
460 866 585 896 sauctus
610 864 746 896 trahitur

268 911 329 942 Pro
354 911 503 949 temporis
528 912 680 951 angustia,

269 957 318 988 De
340 958 485 996 supernis
508 958 733 989 transmittitur

268 1003 320 1035 Sic
343 1003 518 1042 pluviarum
545 1005 655 1043 gratian

881 483 898 514 κ’]

883 194 913 226 6.
940 194 1028 224 Inter
1052 194 1176 225 sanctos
1199 192 1345 224 attollere

939 239 1094 279 Dignatus
1118 241 1167 270 est
1189 239 1274 271 hunc
1294 238 1447 271 famulum

939 285 1036 324 Deus,
1064 287 1214 318 cultorem
1240 286 1342 318 colere

939 332 985 364 Ob
1011 332 1191 364 meritorum
1220 333 1374 365 cumulum

941 379 1097 410 Virtutum
1124 379 1207 411 hunc
1232 389 1270 411 ex
1293 388 1431 419 munere,

939 425 1021 464 Quas
1055 424 1235 466 frequentat
1266 427 1308 458 ad
1333 427 1492 459 tumulum.

905 509 911 515 .
937 482 1006 513 Jam
1032 491 1132 522 reges,
1158 482 1263 522 duces,
1286 483 1420 523 judices,

939 528 1009 560 Jam
1034 528 1138 561 fidelis
1163 529 1297 561 ecclesia

937 575 1026 607 Genu
1050 574 1218 608 flectuntur
1242 577 1401 616 supplices

938 622 999 654 Pro
1025 622 1136 654 summi
1161 624 1243 663 regis
1268 623 1376 664 gloria,

937 669 995 707 Qui
1018 669 1120 708 justos
1145 675 1229 702 amat
1253 669 1412 710 simplices

937 716 1083 755 miraque
1107 719 1251 755 praestat
1272 717 1423 755 praemia.

904 796 910 802 .
936 772 984 804 Sit
1007 772 1074 803 laus
1101 773 1184 811 patri
1212 773 1359 815 ingenito,

936 818 1051 857 Decus,
1078 819 1176 850 virtus
1203 822 1234 850 et
1257 819 1358 858 gloria

937 865 1077 904 Ejusque
1100 866 1269 905 unigenito,

938 912 1001 943 Per
1025 920 1114 950 quem
1143 914 1261 944 creavit
1285 914 1397 953 omnia,

939 958 1054 990 Sancto
1078 959 1171 989 simui
1193 959 1358 1001 paraclito,

937 1006 1001 1037 Per
1025 1013 1114 1044 quem
1140 1009 1319 1044 praestatur
1343 1006 1446 1037 venia.

212 1106 224 1130 t
243 1106 263 1131 't
282 1067 352 1093 Vita
377 1075 429 1093 me‘.
455 1066 482 1093 S.
510 1067 616 1094 Isidori
642 1070 716 1095 auct.
741 1067 876 1096 Johanue
899 1069 1031 1096 Diacono
1057 1077 1132 1096 saec.
1155 1067 1198 1097 13.
1225 1069 1292 1097 Coti.
1319 1070 1413 1106 Capit.
1432 1072 1493 1098 Ma-

227 1114 250 1131 ri
265 1113 308 1132 en.
328 1112 350 1130 s.
370 1113 398 1130 11.

543 1194 603 1225 318.
643 1194 686 1226 De
712 1196 817 1226 saneto
837 1195 955 1227 Isidoro
974 1196 1158 1228 Matritensi.

756 1261 887 1299 Hymnus
911 1262 939 1291 4.

564 1329 594 1361 1.
618 1329 710 1361 Felix
732 1329 827 1361 fidele
852 1339 971 1373 munus,

623 1376 712 1414 Quod
734 1376 820 1408 Deus
847 1377 935 1409 dedit,
957 1387 1046 1410 unus.

267 1431 416 1463 Divinum
440 1434 473 1462 et,
492 1432 664 1471 jucundum

268 1478 361 1510 Sidus
388 1480 435 1509 est
460 1481 490 1509 et
514 1479 694 1517 secundum,

268 1525 356 1563 Quod
381 1523 516 1564 refulget
539 1525 571 1556 in
595 1526 754 1564 mundum,

314 1571 430 1603 Datum
454 1574 500 1602 est
525 1571 615 1603 nobis
639 1581 757 1604 munus.

235 1652 242 1659 .
265 1627 421 1669 Divinum,
449 1629 531 1666 quod
557 1631 690 1670 creatur,

269 1674 457 1715 Jucundum‚
483 1674 567 1715 quod
591 1678 744 1715 sacratur,

269 1721 456 1760 Secundum,
483 1721 566 1760 quod
588 1721 710 1762 beatur,

314 1767 429 1799 Datum
456 1771 504 1799 est
527 1768 617 1800 nobis
642 1778 762 1801 munus.

237 1850 242 1856 .
266 1823 413 1855 Divinum
437 1826 468 1855 et
492 1824 626 1864 beatum,

268 1870 331 1902 Sub
357 1870 447 1903 arida
470 1874 627 1904 servatum

270 1917 400 1957 Corpus,
427 1919 511 1956 quod
534 1919 701 1961 illibatum,

314 1963 429 1996 Datum
455 1968 501 1996 est
525 1966 615 1997 nobis
639 1976 760 1998 munus.

238 2048 244 2053 .
269 2020 416 2052 Divinum
444 2023 475 2051 et
496 2022 613 2063 regale,

270 2067 341 2098 Non
366 2067 522 2107 reperitur
545 2069 608 2099 tale

268 2114 304 2145 111
330 2114 473 2153 gentibus
496 2113 637 2155 formale,

315 2159 432 2192 Datum
458 2164 505 2192 est,
527 2161 617 2193 nobis
640 2172 761 2196 munus

237 2239 244 2246 .
271 2216 415 2248 Humana
439 2216 495 2248 sub
521 2219 634 2249 natura

270 2263 428 2301 corporea
452 2262 575 2296 factura

270 2309 403 2340 Manens
426 2309 549 2350 integra
572 2320 661 2352 pura,

317 2355 433 2387 Datum
459 2360 504 2388 est
530 2358 619 2389 nobis
644 2368 765 2393 munus,

905 1435 936 1465 7.
961 1435 1046 1466 Nam
1071 1433 1173 1466 forma
1194 1436 1342 1476 speciale,

966 1481 1090 1513 Virtute
1113 1484 1269 1524 generale,

962 1529 1088 1560 Cunctis
1113 1529 1310 1571 medicinale,

1007 1574 1122 1606 Datum
1148 1579 1196 1606 est
1220 1576 1310 1608 nobis
1335 1586 1457 1611 munus,

904 1631 933 1662 8.
961 1631 1143 1663 Remedium
1172 1632 1318 1674 dolentis,

963 1677 1108 1709 Solamen
1133 1678 1206 1718 piae
1228 1680 1354 1720 mentis,

960 1724 1088 1756 Medela
1111 1729 1239 1757 nostrae
1263 1727 1376 1769 gentis,

1006 1771 1121 1803 Datum
1148 1775 1197 1803 est
1219 1773 1308 1805 nobis
1333 1783 1453 1809 munus,

905 1833 934 1859 9.
961 1827 1070 1859 Socius
1094 1837 1310 1868 supernorum,

962 1875 1147 1915 Thymiama
1171 1877 1310 1917 odorum,

961 1922 1109 1953 Nostrum
1137 1923 1293 1955 adomaus
1319 1925 1457 1966 chorum,

1008 1968 1125 2001 Datum
1151 1973 1198 2000 est
1222 1970 1312 2003 nobis
1337 1980 1458 2006 munus.

881 2024 936 2056 10.
962 2024 1105 2056 Electum
1133 2035 1188 2059 vas
1214 2027 1373 2068 decorum,

965 2071 1107 2103 Concivis
1133 2074 1323 2113 angelorum,

962 2118 1192 2150 Munimentum
1215 2121 1338 2159 piorum

1010 2164 1126 2197 Datum
1152 2169 1201 2197 est
1224 2167 1315 2199 nobis
1339 2178 1459 2201 munus.

884 2219 937 2253 11.
964 2220 1078 2252 Munus
1103 2222 1382 2267 praedestinatum,

965 2268 1128 2306 Apostolis
1155 2272 1308 2310 optatum,

964 2312 1112 2354 Fingens,
1139 2317 1336 2358 associatum,

1015 2360 1131 2393 Datum
1157 2366 1204 2394 est
1224 2364 1314 2396 nobis
1336 2375 1455 2400 munus,
