1651 2518
723 104 955 141 —83—

192 204 224 236 3.
250 202 391 242 Cumque
413 201 522 240 plures
547 201 708 234 docuisset
869 204 901 235 4.
928 202 1037 235 Gloria
1061 203 1094 234 et
1116 201 1215 233 honor
1240 201 1307 233 Deo

298 249 443 289 primitus
468 249 502 279 in
526 247 649 288 Africa,
974 257 1132 289 usquequo
1157 249 1317 291 altissimo,

252 296 427 329 Oratoriam
455 295 603 327 docturus
930 298 1002 330 Una
1024 295 1109 336 patri
1133 294 1261 335 filioque

297 344 427 375 Romam
453 351 575 383 quoque
599 344 736 387 navigat,
972 344 1081 375 inclito
1105 342 1270 382 paraclito,

251 390 297 423 Ut
322 389 496 422 doctrinam
521 390 602 421 tanti
626 391 687 422 viri
928 390 985 423 Cui
1008 391 1076 422 laus
1101 390 1144 420 sit
1168 392 1200 420 et
1222 391 1362 429 potestas

297 437 409 477 probet
436 439 467 467 et
486 437 588 469 Italia.
961 445 1019 477 per
1043 439 1173 468 aeterna
1196 437 1331 468 saecula.

267 503 351 529 Brev.
379 509 431 529 ms.
457 501 583 528 Vicense
610 509 684 529 saec.
708 499 750 529 14.
785 501 853 529 Cod.
881 501 973 537 Capit.
993 503 1093 529 Vicen.
1116 500 1188 528 CVI.
1209 500 1243 527 A.
1269 515 1306 519 —
1325 502 1408 528 Brev.
1435 509 1483 528 ms.

191 540 417 605 {ffinzgfflacg'
442 537 485 566 14.
508 538 575 566 Cod.
597 539 691 574 Capit.
711 540 811 567 vicen.
832 539 936 567 CVIII.
957 540 989 567 B.
1010 554 1045 558 —
1065 539 1149 567 Brev.
1169 539 1294 566 Vicense
1313 540 1384 574 imp.
1405 539 1485 575 Lug-

604 676 660 708 112.
699 677 741 708 De
762 679 868 708 sancto
887 677 1067 716 Augustino.

714 744 762 773 Ad
781 744 969 774 Nocturnum.

195 812 224 844 1.
253 811 396 844 Caesaris
421 821 554 851 namque
577 814 758 851 praecepto,
871 814 900 845 3.
929 812 1064 851 Spiritus
1088 812 1190 843 sancti
1214 815 1340 843 renatus

299 859 392 891 immo
418 860 494 889 nutu
519 858 645 890 Domini
973 862 1005 890 et
1024 858 1162 898 repletus
1186 859 1287 898 gratia

253 905 458 937 Transfertur
480 905 695 937 Mediolanum
933 906 1082 938 Omnibus
1107 905 1224 936 saeculi
1247 907 1370 945 pompis

301 953 391 991 quasi
409 952 517 983 rhetor
541 952 676 991 optimus
975 953 1080 983 statim
1105 951 1314 992 abrenuntiat,

254 999 308 1030 Ad
332 999 452 1038 urbem⁷
479 999 528 1029 cui
552 999 755 1038 praesidebat
929 999 978 1031 Ne
1003 1000 1079 1039 quid
1103 999 1239 1030 animum
1266 999 1412 1030 devotum

300 1046 447 1078 sacerdos
471 1045 667 1077 Ambrosius.
974 1048 1132 1077 terrenum
1157 1046 1354 1085 praepediat.

196 1103 227 1134 2.
254 1102 356 1141 Igitur
382 1101 593 1134 catechizatus
869 1103 901 1134 4.
925 1102 1002 1134 Mox
1025 1102 1058 1133 in
1083 1100 1226 1133 Africam
1251 1110 1411 1142 regressus

299 1157 357 1187 per
382 1150 502 1180 tantum
527 1148 699 1179 antistitem
974 1149 1138 1181 ordinatur
1161 1148 1339 1188 presbyter,

251 1195 423 1227 Liberatur
447 1194 486 1226 ab
511 1203 627 1234 errore,
930 1195 1049 1227 Cuncta
1073 1204 1195 1226 morum
1220 1198 1251 1226 et
1276 1196 1439 1228 doctrinae

301 1242 424 1273 levatur
448 1241 647 1281 baptismate,
973 1242 1206 1274 circumlustrat
1229 1242 1354 1283 lumine,

249 1288 438 1328 Diligentius
464 1288 634 1319 instructus
927 1288 1002 1321 Cum
1028 1288 1213 1329 quibusdam
1238 1289 1283 1320 ibi
1304 1290 1422 1329 junctis

296 1335 449 1367 catholico
476 1334 629 1375 dogmate.
971 1336 1079 1368 vivens
1103 1336 1286 1375 apostolice.

631 1393 661 1424 5.
690 1391 800 1423 Gloria
825 1394 856 1423 et
880 1392 980 1423 honor
1003 1392 1080 1424 Deo.

264 1457 347 1484 Brev.
378 1464 429 1483 ms.
454 1456 579 1483 Vicense
603 1465 677 1483 saec.
707 1454 749 1483 14.
777 1455 845 1483 Cod.
876 1456 969 1492 Capit.
988 1457 1089 1485 Vicen-
1110 1456 1183 1484 CVI.
1204 1457 1237 1484 A.
1264 1472 1301 1476 —-—
1320 1459 1404 1486 Brev.
1431 1468 1483 1486 ms.

187 1495 416 1559 ἕέἓξηῗὲδῗῑεᾶ
440 1491 483 1520 14.
507 1494 576 1521 Cod.
597 1494 690 1529 Capit.
710 1494 812 1521 Vicen.
833 1493 937 1522 CVHI.
956 1495 988 1522 B.
1011 1509 1044 1513 —-
1065 1494 1148 1522 Brev.
1169 1495 1194 1521 V
1198 1495 1293 1522 icense
1319 1497 1386 1533 imp.
1406 1497 1483 1533 Lug-

609 1631 663 1662 113.
696 1632 739 1662 De
760 1635 868 1663 sancto
889 1631 1069 1672 Augustino.

737 1698 784 1727 Ad
803 1698 928 1729 Laudes.

191 1767 221 1798 1.
248 1767 414 1806 Aliquanti
439 1768 511 1805 post
537 1766 644 1805 elapso
865 1768 896 1800 3.
924 1768 1031 1799 Tertio
1057 1766 1229 1800 obsidionis

293 1813 444 1853 temporis
471 1814 626 1846 curriculo
968 1823 1075 1847 mense
1099 1813 1189 1846 febre
1214 1815 1382 1856 decubans,

243 1859 388 1893 Africam
412 1860 531 1900 triplex
554 1860 696 1899 pervasit
923 1862 1072 1894 Transitu
1095 1861 1187 1893 beato
1213 1861 1338 1894 functus

291 1908 498 1940 barbarorum
522 1907 618 1947 natio,
969 1909 1070 1942 laetus
1099 1909 1201 1941 coelos
1226 1913 1364 1950 superat,

242 1956 353 1997 Ferro,
380 1954 514 1987 fiammis
528 1957 640 1987 cuncta
657 1955 805 1997 perdens,
922 1957 1054 1989 Intimus
1077 1956 1138 1989 Dei
1162 1957 1279 1989 amicus

291 2002 354 2035 fide
379 2001 489 2035 favens
515 2002 620 2034 Arrio.
967 2005 1036 2044 ipso
1061 2013 1144 2036 nunc
1167 2005 1331 2044 tripudiat.

185 2061 216 2093 2.
243 2059 365 2092 Videns
391 2068 465 2098 ergo
489 2059 598 2091 urbem
623 2069 711 2091 suam
862 2062 893 2093 4.
921 2060 1098 2093 Debellatis
1120 2070 1343 2102 usquequaque

289 2107 432 2139 hostibus
458 2106 684 2139 circumdatam
968 2108 1110 2141 veritatis
1134 2108 1276 2141 hostibus

239 2154 424 2186 Lacrimosa
448 2153 551 2185 Deum
575 2162 671 2194 prece
919 2155 1014 2187 Miles
1039 2155 1100 2188 Dei
1121 2156 1274 2196 gloriosus

289 2201 467 2233 indefessus
493 2202 641 2242 postulat,
968 2203 1165 2244 triumphans
1191 2204 1348 2247 eximitur,

245 2248 289 2281 Ut
312 2249 351 2281 ab
376 2249 436 2281 hac
460 2257 495 2280 se
518 2248 684 2281 miseratus
920 2251 1017 2290 Apud
1041 2259 1132 2291 quem
1156 2251 1246 2283 nobis
1270 2255 1421 2292 patronus

287 2297 357 2328 luce
375 2297 442 2336 jam
467 2296 609 2336 recipiat.
967 2307 1082 2338 perpes
1106 2298 1158 2340 sit,
1185 2299 1391 2339 deposcimus.

624 2354 654 2388 5.
682 2353 792 2386 Gloria
817 2356 849 2386 et
871 2354 972 2387 honor
996 2355 1073 2388 Deo.

1268 2411 1309 2441 6*
