1651 2518
756 100 986 135 —46—

554 198 584 228 5.
613 195 721 228 Gloria
745 195 813 238 tibi,
839 194 981 235 Domine,

617 242 674 280 Qui
698 245 789 273 natus
815 250 847 273 cs
874 242 913 273 de
936 242 1058 283 virgine

618 289 692 320 Cum
717 290 809 328 patre
833 291 863 319 et
888 292 994 320 sancto
1020 290 1135 328 spiritu

616 336 653 367 In
678 335 869 375 sempiterna
892 336 1026 367 saccula.

300 398 381 426 Brew
415 399 538 427 Oscense
572 402 600 427 et
630 400 770 427 Jaccensc
802 400 870 434 imp.
905 399 1150 436 Caesaraugustae
1184 399 1266 428 1505.
1298 400 1332 427 A.
1363 414 1399 419 —
1430 401 1513 428 Brev.

227 434 384 470 Sigenense
409 438 476 472 imp.
500 437 747 473 Caesaraugustae
774 435 852 464 1547.
872 437 905 464 B.
926 451 963 456 —
983 436 1013 471 2,
1038 435 1056 464 3
1075 439 1154 465 Tuus
1174 446 1227 465 nos
1248 440 1402 473 conceptus
1423 438 1456 465 A.
1477 453 1513 457 —

228 470 254 504 3,
279 472 292 500 1
307 476 453 501 nascimur
466 475 499 502 A.
514 489 549 493 —
564 473 590 507 4,
612 473 629 500 2
641 475 756 502 Laudes
772 474 852 501 foves
866 474 929 509 AB;
951 475 1030 502 omni
1042 475 1113 502 ritui
1126 475 1158 508 B,
1179 483 1240 502 was
1253 475 1376 512 riehtige
1389 475 1512 503 Formen

228 510 297 537 aber
316 510 422 539 lteinen
441 510 513 539 Sinn
533 512 626 547 giebt5
647 511 694 539 ich
713 514 851 542 vei-mute,
872 511 935 539 dass
956 512 1006 539 der
1024 511 1117 539 Autor
1135 514 1208 540 ritus
1228 513 1304 540 nach
1323 513 1373 540 der
1392 515 1512 540 zweiten

226 547 338 583 beugsse.
360 564 395 568 --
416 548 471 575 Str.
493 547 509 575 5
529 549 602 576 fehlt
620 550 650 582 B,
671 549 731 576 und
750 549 781 576 in
801 549 851 576 der
869 549 946 576 Thai
963 549 1033 577 l'asst
1052 550 1114 577 sicli
1134 550 1223 578 sehon
1239 549 1296 577 Str.
1315 548 1335 577 4
1353 550 1397 577 als
1411 551 1509 578 Doxo-

225 584 305 620 logie
326 593 370 612 an.
392 599 428 604 -—
447 584 479 618 4,
501 585 518 613 5
538 587 652 613 seheini
670 587 739 613 abei-
757 586 904 619 verderbt,
930 587 1051 616 einmal.
1072 587 1141 615 weil
1160 588 1210 615 dez·
1229 587 1411 615 Schlui'svers
1429 588 1512 615 nieht

225 622 287 649 (lem
307 622 440 657 Hymnus
464 624 486 648 O
507 624 630 655 glorzosa
656 624 779 650 Domina
806 624 936 651 entlehnt
962 625 1015 657 ist,
1041 626 1097 652 wie
1121 626 1153 651 in
1180 625 1236 652 den
1259 625 1513 661 vorhergehenden

224 658 376 695 Strophen,
397 662 543 694 zweitcns,
563 661 630 688 weil
650 661 700 688 der
718 661 801 689 Reim
821 663 935 697 stumpf„
955 662 1091 699 wiilnend
1112 670 1142 689 er
1161 665 1243 690 sonst
1261 664 1331 690 stets
1351 663 1513 698 zweisilbig

223 697 270 723 ist.
309 697 359 724 Ich
379 697 491 725 mochte
511 698 599 726 daher
617 699 740 731 meinen,
762 706 792 725 es
813 699 855 726 sei
876 702 963 726 etwas
985 700 1143 727 Ahnliches
1162 709 1199 727 zu
1218 700 1298 728 lesen
1316 701 1385 728 wie:

613 745 703 780 Pam-i,
723 748 800 780 nato¹
823 747 939 782 spiritui

612 783 728 810 Laudes
748 783 804 810 fers
826 785 917 811 omnis
937 785 1014 819 ritui,

612 820 659 847 Ex
679 821 739 855 ejus
760 821 873 848 stillans
893 822 1010 849 nomine

614 857 746 885 Gloria
765 859 848 893 tibi,
868 859 1033 887 Domine.
1072 859 1173 886 Amen.

506 955 551 987 39.
589 956 625 987 In
645 957 892 989 sanctificatione
913 957 1119 999 conceptionis
1139 958 1225 990 BMV.

755 1023 802 1053 Ad
820 1024 975 1061 Vesperas.

227 1089 256 1122 1.
284 1089 406 1131 Gaude,
432 1089 510 1122 fides
535 1091 698 1131 catholica,

280 1136 324 1168 Et
347 1137 474 1169 revolve
500 1137 651 1180 devotius,

282 1183 403 1222 Quanta
427 1184 525 1215 virtus
551 1183 663 1216 deifica

276 1229 399 1261 Mariae
423 1229 499 1261 fecit
522 1231 669 1263 sanctius.

222 1286 253 1316 2.
279 1285 387 1317 Primo
411 1286 497 1317 misit
522 1287 563 1318 <le
586 1286 709 1326 superis

277 1333 433 1371 Angelum
459 1341 497 1364 en
521 1333 715 1373 parentibus,

285 1378 345 1416 Qui
366 1379 545 1419 indigentes
569 1379 679 1411 liberis

281 1425 347 1457 Hos
372 1426 441 1457 unit
465 1435 482 1457 a
510 1426 707 1460 distantibus,

222 1482 251 1513 3.
279 1481 329 1512 Ac
354 1481 458 1513 statim
483 1482 561 1522 ipsis
586 1482 716 1522 indicat,

280 1527 409 1559 Gratam
432 1532 537 1560 natam
562 1529 726 1569 attingere,

277 1575 383 1614 Atque
408 1576 567 1618 majorem,
593 1576 771 1616 praedicat,

277 1621 441 1661 Nunquam
465 1622 498 1653 in
523 1622 637 1654 mundo
662 1623 776 1655 vivere.

894 1094 924 1124 4.
952 1092 1041 1123 Haec
1065 1092 1169 1124 Maria
1191 1093 1366 1136 vocabitur,

951 1139 987 1170 In
1012 1140 1072 1170 hac
1096 1139 1234 1178 quiescet
1256 1139 1395 1179 spiritus,

950 1186 1017 1227 Ait,
1042 1186 1159 1225 templo
1183 1186 1367 1228 morabitur,

954 1231 1116 1271 Concipiet
1142 1232 1301 1265 divinitus.

896 1290 924 1320 5.
950 1288 1120 1321 Beatimdo
1145 1289 1242 1320 etiam

952 1335 1056 1373 Ipsius
1083 1335 1144 1366 erit
1168 1334 1292 1367 feminis

953 1381 1072 1421 Sermo,
1098 1385 1264 1421 praestans
1284 1383 1439 1414 laetitiam

952 1427 1060 1468 Usque
1083 1429 1115 1459 in
1139 1429 1246 1460 mundi
1272 1430 1423 1462 terminis,

895 1486 924 1517 6.
954 1483 1063 1515 Gloria
1087 1484 1156 1525 tibi,
1181 1485 1325 1526 Domine,

953 1530 1010 1568 Qui
1034 1530 1171 1562 Mariam
1195 1530 1373 1563 sanctificas

951 1576 996 1608 Et
1020 1580 1073 1608 tuo
1098 1581 1206 1610 sancto
1231 1578 1356 1610 nomine

951 1624 1062 1655 Totum
1083 1625 1232 1656 mundum
1258 1624 1410 1658 vivificas,

295 1687 376 1714 Brov.
405 1695 457 1714 ms.
480 1687 666 1715 Gerundense
685 1695 759 1715 saec.
780 1686 855 1716 ¹⁴)15.
878 1687 945 1716 eod.
968 1689 1060 1725 Capit.
1082 1689 1243 1717 Gerunden.
1263 1688 1289 1718 3.
1309 1704 1346 1708 -
1365 1691 1423 1718 Die
1441 1691 1512 1718 Auf-

220 1723 322 1751 schrif‘t
347 1725 388 1751 isi:
413 1724 477 1751 clem
497 1724 631 1753 Breviete
651 1725 789 1753 entleliut.
830 1725 879 1753 Sic
899 1726 992 1754 lautet
1011 1727 1088 1754 dorii:
1115 1727 1151 1755 In
1169 1729 1243 1755 festo
1265 1727 1512 1756 Sanctifica‘cionis

220 1762 423 1797 Concepiionis
442 1762 526 1790 BMV

499 1860 548 1892 40.
586 1862 622 1893 ln
642 1862 892 1894 Sanctiiicatione
914 1863 1123 1904 conceptionis
1141 1864 1228 1895 BMV.

726 1930 774 1959 Ad
793 1930 982 1960 Nocturnum.

222 1995 250 2026 1.
276 1995 440 2027 Laudetur
461 1996 548 2028 Deus
572 1997 716 2037 celebriS,

276 2042 358 2074 Nam
383 2052 471 2074 suum
499 2044 688 2076 domicilium

275 2089 350 2128 lpse
370 2090 451 2121 lavit
474 2100 493 2121 a
516 2091 655 2123 ‘tenebris

275 2136 311 2167 In
337 2136 469 2168 salutem
497 2138 699 2170 credentium.

219 2193 249 2224 2.
278 2191 443 2224 Columnas
468 2196 588 2233 septem
613 2194 728 2233 posuit,

278 2238 357 2270 Sunt
381 2242 501 2279 septem
528 2241 610 2272 dona
634 2242 773 2282 spiritus,

277 2284 351 2323 Quis
374 2284 518 2318 firmatur
541 2297 600 2319 nec
625 2288 742 2319 corruit.

275 2331 400 2363 Mariae
423 2333 535 2365 mentis
560 2334 696 2366 habitus.

893 2000 923 2031 3.
949 1999 1053 2038 Hujus
1078 1998 1194 2030 festum
1216 1999 1264 2030 sic
1287 2001 1407 2039 patuit:

952 2046 1084 2083 Quidam
1109 2054 1197 2078 mare
1222 2046 1386 2078 occiduum

948 2091 1160 2134 Navigabam,
1186 2096 1218 2124 et
1241 2094 1356 2124 'tumuit

950 2138 1086 2179 Tempus
1112 2148 1209 2179 grave
1234 2143 1266 2171 et
1290 2148 1431 2173 nocuum.

892 2197 923 2229 4,
950 2194 1080 2226 Sanctos
1104 2195 1166 2227 Dei
1189 2196 1223 2226 hi
1248 2196 1408 2228 clamitant

950 2241 1018 2273 Nec
1045 2242 1178 2273 donatur
1202 2243 1362 2285 auxilium,

953 2288 1015 2320 Sed
1040 2291 1115 2328 post
1137 2288 1272 2320 Mariam
1297 2290 1460 2332 pulsitant‚

951 2334 1036 2368 Deus
1060 2336 1147 2367 misit
1170 2338 1245 2368 tunc
1268 2337 1423 2371 nuntium.
