1651 2518
695 99 740 104 —-
792 91 858 113 114
902 98 951 103 —

184 180 213 212 3.
243 178 318 210 Cum
352 180 460 216 pastor
482 179 609 216 pontem
633 174 792 217 construit,
855 176 884 206 5.
912 173 964 204 Ad
989 176 1021 204 te
1044 173 1143 204 solum
1169 170 1371 211 confugimus,

237 224 287 255 De
310 227 406 264 ponte
428 224 536 263 lapsus
562 222 689 261 corruit,
914 221 1012 259 Quem
1036 219 1174 259 peccatis
1197 217 1391 259 offendimus,

240 270 292 302 Sic
316 274 486 311 praeparat.
508 271 540 301 in
564 270 669 309 patria
910 266 1006 298 Adsis
1030 266 1188 306 parcendo
1214 266 1342 297 coelitus

236 317 372 349 Beata
395 317 516 349 nobis
541 316 701 357 gaudia.
913 313 1023 345 Nune
1045 315 1178 345 sancte
1201 312 1323 344 nobis
1347 312 1465 353 spiri-

1241 362 1255 390 t
1264 369 1283 390 u
1292 369 1315 391 s.

184 432 215 462 4.
243 429 336 468 CuJus
362 429 489 461 obtentu
514 428 634 467 corrige
855 428 884 458 6.
912 425 960 457 Sit
983 425 1051 456 laus
1075 425 1161 464 patri
1190 428 1220 456 et
1243 426 1372 465 proprio

237 476 346 508 Mores
371 479 403 507 et
425 479 513 507 actus
539 475 639 514 dirige
910 472 990 511 Ejus
1014 475 1141 503 aeterno
1164 471 1241 511 filio,

240 524 291 554 Ad
319 526 350 553 te
374 522 426 562 pie
452 521 660 560 clamantium,
912 518 1009 550 Simul
1036 527 1103 550 cum
1128 522 1235 550 sancto
1257 516 1381 549 flamine

239 569 424 607 Christe.
453 568 793 607 redemptorom-
911 565 1063 597 Gloria
1083 565 1183 605 tibi,
1209 564 1394 597 Domine.

568 624 588 645 n
598 624 610 645 1
618 624 639 646 u
651 623 691 648 m.

254 691 339 717 brev.
366 690 536 724 Urgellense
562 689 631 724 imp.
656 689 788 716 Veneriis
817 685 897 714 1487.
923 687 957 714 A.
984 702 1021 706 —
1045 687 1173 714 Proeess.
1202 686 1372 720 Urgellense
1397 686 1465 721 imp.

182 725 261 754 15³³.
280 728 314 754 Β.
333 741 372 746 -
391 730 474 754 brev.
496 726 670 754 Celsonense
692 727 761 762 imp.
781 725 1029 760 Caesaraugustae
1050 721 1131 751 1514.
1152 722 1182 750 G.
1201 737 1238 742 --
1261 721 1291 756 6,
1317 722 1332 749 1
1349 725 1379 750 et.
1394 723 1468 750 fehlt

183 765 213 792 (J.
234 779 271 784 —
291 764 315 799 6,
338 763 355 790 2
374 764 502 800 Ejusqae
525 765 579 792 soli
599 763 659 791 filio
681 761 710 791 C.

605 917 662 949 176,
702 918 745 949 De
765 918 869 948 sancto
888 916 1034 957 Eugenio.

668 1002 703 1031 In
722 1001 809 1039 Vesp.
831 1004 860 1030 et
877 1001 970 1031 Laud.

182 1090 219 1122 1.
244 1089 335 1121 Nova
360 1090 513 1121 resultent
535 1089 650 1129 gaudia
853 1090 885 1122 4.
912 1089 1039 1120 Fortem
1065 1089 1214 1121 athletam
1239 1087 1372 1120 fortibus

239 1136 389 1169 Novitate
412 1136 564 1176 solemnii,
909 1135 968 1167 Vir
993 1136 1237 1175 circumspectus
1262 1136 1379 1175 dirigit,

238 1183 327 1221 Quod
352 1192 409 1222 pro
434 1182 534 1214 sancti
557 1182 691 1222 Eugenii
911 1182 969 1220 Qui
990 1182 1062 1213 dum
1087 1191 1208 1214 errores
1233 1182 1361 1223 corrigit

240 1230 351 1262 Palma
374 1228 474 1261 refert
498 1229 639 1262 ecclesia.
912 1228 1002 1260 Cives
1025 1228 1104 1260 facit
1128 1238 1166 1260 ex
1187 1229 1339 1262 hostibus,

186 1316 218 1348 2.
243 1313 365 1346 Doctae
389 1314 529 1345 alumnus
555 1313 706 1345 Graeciae
856 1316 886 1347 5.
913 1313 995 1352 Quos
1020 1313 1116 1345 verbo
1140 1314 1233 1345 duros
1258 1314 1375 1353 reperit

237 1361 326 1393 Misit
351 1360 433 1391 huno
455 1359 634 1402 Dionysius,
914 1359 1015 1391 Glaris
1039 1363 1144 1391 movet
1167 1360 1326 1393 miraculis

240 1407 285 1439 Ut
309 1411 391 1438 esset
413 1407 487 1439 solis
512 1408 619 1438 radius
912 1407 956 1438 Et
978 1406 1024 1437 sic
1048 1406 1090 1438 ad
1114 1406 1208 1438 fidem
1233 1407 1358 1446 populis

239 1454 276 1487 In
302 1453 439 1485 tenebris
464 1453 645 1493 Hispaniae.
911 1453 1034 1485 Mentes
1060 1456 1259 1493 compunctas
1283 1454 1395 1493 aperit.

184 1540 214 1571 3.
238 1538 330 1570 Hanc
355 1546 443 1570 error
465 1538 632 1570 idolatriae
856 1540 886 1571 6.
912 1538 1053 1570 Toletum
1079 1538 1205 1577 praesul
1227 1539 1364 1579 inclitUS,

245 1584 297 1616 Sic
321 1584 394 1617 olim
419 1584 641 1625 obstinaverat,
914 1584 977 1623 Quo
1003 1585 1129 1625 vigebat
1154 1585 1315 1626 spurcitia,

241 1632 330 1670 Quod
352 1632 495 1663 veritatis
519 1633 631 1664 oderat
913 1634 941 1664 A
967 1633 1047 1663 ritus
1069 1632 1268 1663 immunditia

242 1678 383 1711 Cultores
410 1681 439 1710 et
461 1679 612 1718 justitiae.
912 1679 974 1711 Per
997 1677 1092 1710 fidem
1117 1679 1195 1710 lavit
1219 1680 1356 1719 penitus.

576 1754 604 1786 7.
631 1753 694 1786 Uni
720 1753 865 1793 trinoque
889 1754 1021 1785 Domino

632 1800 682 1832 Sit
704 1801 782 1843 lam,
808 1800 909 1833 virtus
933 1804 966 1832 et.
990 1801 1099 1841 gloria,

637 1847 731 1886 Cujus
755 1848 824 1879 sola
847 1848 988 1886 potentia

632 1894 728 1926 Nullo
756 1895 892 1926 vallatur
916 1894 1059 1926 termino.

259 1970 343 1996 Brev.
367 1970 541 1996 Toletanum
569 1977 643 1997 saec.
673 1967 716 1996 14.
748 1968 817 1997 Cod.
841 1969 988 1996 Matriten-
1014 1969 1057 1996 Ff.
1091 1967 1152 1996 147.
1179 1969 1212 1996 A.
1241 1984 1281 1989 -—
1304 1970 1390 1998 Brev.
1418 1979 1471 1998 ms.

184 2007 354 2034 Toletanum
376 2015 449 2034 saec.
472 2005 515 2034 14.
537 2006 604 2034 Cod.
627 2006 719 2042 Capit.
739 2007 873 2034 Toletani
893 2003 993 2034 33—6.
1015 2006 1047 2033 B.
1068 2022 1104 2027 —-
1123 2008 1207 2034 BreV.
1226 2015 1278 2034 ms.
1300 2008 1472 2036 Toletanum

185 2052 259 2071 saec.
282 2042 325 2071 15.
347 2043 415 2071 Cod.
437 2043 528 2080 Capit.
550 2044 685 2072 Toletani
703 2042 806 2072 33—9.
830 2043 859 2071 C.
880 2058 916 2062 —
936 2045 1020 2071 Brev.
1041 2053 1090 2072 ms.
1110 2046 1280 2072 Toletanum
1303 2054 1378 2072 saec.
1398 2043 1471 2072 14l15.

186 2080 253 2108 Cod.
274 2082 360 2110 Univ.
380 2082 527 2109 Matriten.
551 2080 588 2109 48
611 2080 732 2116 (92-1).
752 2082 790 2110 D.
817 2096 855 2101 -
875 2083 958 2109 Brev.
985 2089 1037 2108 ms.
1058 2082 1221 2110 Oxomense
1243 2090 1317 2109 saec.
1340 2081 1382 2110 15.
1404 2082 1471 2111 Cocl-

189 2119 281 2155 Capit.
303 2119 439 2147 Oxomen.
460 2128 482 2146 s.
502 2127 529 2146 n.
549 2119 584 2146 E.
600 2134 634 2137 —
654 2121 737 2147 Brev.
757 2120 928 2147 Toletanum
948 2119 1016 2154 imp.
1039 2120 1169 2147 Venetiis
1192 2116 1272 2147 1483.
1285 2121 1316 2147 F.
1339 2134 1374 2138 —-
1388 2122 1471 2148 Brev.

185 2156 355 2184 Toletanum
381 2158 449 2193 imp.
476 2157 606 2184 Venetiis
635 2155 715 2185 1492.
743 2158 776 2186 G.
804 2172 840 2176 —
866 2158 948 2184 Brev.
968 2156 1139 2184 Toletanum
1165 2158 1233 2192 imp.
1253 2158 1371 2194 Hispali
1393 2156 1472 2186 1493.

184 2194 223 2220 H.
243 2208 280 2213 -—
299 2195 381 2221 Brev.
402 2194 573 2223 Toletanum
592 2195 659 2231 imp.
680 2195 811 2223 Venetiis
833 2192 913 2222 1506.
932 2194 956 2221 I.
976 2207 1013 2212 —-
1025 2195 1108 2222 Brev.
1122 2193 1293 2222 Toletanum
1313 2197 1381 2231 imp.
1401 2198 1473 2233 Lug-

187 2231 256 2259 duni
274 2230 366 2296 ΙέΞΞῙ.
384 2233 421 2259 Κ.
447 2246 486 2251 —
507 2233 588 2259 Brev.
609 2232 752 2260 Gienense
776 2233 844 2268 imp.
863 2231 982 2267 Hispali
1010 2229 1090 2260 1528.
1110 2232 1144 2258 L.
1173 2246 1206 2250 —
1226 2233 1310 2260 Brev.
1332 2233 1475 2262 Gienense

184 2269 252 2305 imp.
343 2289 350 2297 .
369 2270 410 2297 M.
