1651 2518
717 119 974 154 —227—

638 210 710 243 403.
748 211 791 243 De
810 213 917 243 saneto
936 212 1052 244 Mauro.

723 278 771 307 Ad
789 278 978 309 Nocturnum.

200 343 230 376 1.
257 342 386 376 Laudes
411 344 479 377 Deo
504 346 678 386 magnifico,
877 349 907 382 3.
934 348 1036 388 Hujus
1062 347 1236 389 gaudenter
1260 347 1354 379 hodie

256 390 327 422 Sm's
349 392 466 423 sanctis
491 393 639 433 mirabili,
935 396 1111 427 Veneratur
1136 395 1328 437 solemnitas,

252 436 392 470 Resonet
415 439 508 478 plebs
529 449 598 471 cum
624 440 745 472 cantico
934 442 1121 482 Exemplum
1145 442 1318 482 pudicitiae

254 484 356 516 Purae
381 486 467 517 vocis
491 487 652 526 placabili.
932 488 1150 521 Manifestavit
1174 489 1312 521 castitas.

194 550 226 581 2.
252 549 335 581 Huic
361 551 473 583 chorus
500 552 713 585 confitentium
872 555 905 587 4.
932 555 1094 587 Continuis
1113 555 1242 593 ,ieiuniis

250 597 304 628 Ad
328 598 527 637 psallendum
553 608 587 631 se
611 604 791 640 praeparat,
932 602 1117 633 Macerabat
1142 601 1369 643 corpusculum,

252 643 305 675 Ad
329 644 428 676 vitam
450 645 662 678 innocentium
931 648 1103 679 Exsultans
1127 648 1159 679 in
1184 648 1347 690 angustiis,

252 690 398 722 Veterem
423 692 520 724 vitam
545 695 682 733 reparat.
933 694 1075 726 Coeleste
1099 703 1231 733 sperans
1259 694 1419 734 pabulum.

589 761 619 792 5.
646 759 683 791 ln
709 760 827 791 deitate
851 761 986 801 trinitas,

646 806 751 848 Pater,
778 807 908 839 verbum
934 811 966 839 et
988 807 1128 847 spiritus,

646 852 782 885 Nostrae
806 854 875 893 spei
897 854 1032 886 aviditas

643 900 739 931 Adsit
763 901 854 932 nobis
881 901 1040 935 divinitus

267 962 352 989 Brev.
373 970 428 990 ms.
447 963 476 991 S.
498 964 643 992 Benedicti
665 964 871 992 Vallisoletani
890 973 965 992 saec.
988 964 1030 992 14.
1052 964 1121 993 eod.
1142 964 1299 992 Scor-ialen.
1319 965 1343 992 P
1362 966 1393 992 H
1415 964 1438 994 1.

483 1090 554 1121 404.
593 1090 628 1121 In
648 1090 762 1121 honore
783 1099 808 1122 s.
827 1091 986 1122 Michaelis
1006 1090 1206 1131 Archangeli.

512 1169 543 1201 1.
570 1169 745 1209 Splendida
769 1178 882 1209 nempe
908 1170 975 1201 dies
998 1170 1109 1201 rutilat

566 1216 780 1256 Angelicoque
806 1225 920 1248 canore
944 1217 1029 1258 boat,

562 1262 728 1295 Aethereis
752 1264 899 1295 redimita
923 1264 1037 1304 choris,

567 1309 743 1342 Gramineis
768 1319 890 1351 quoque
915 1313 1039 1350 compta
1063 1309 1163 1349 bonis,

565 1357 652 1388 Dans
677 1366 760 1389 nova
783 1358 899 1397 gaudia
923 1358 1098 1397 terrigenis.

509 1423 538 1453 2-
567 1424 674 1461 Fruge
697 1424 837 1463 putando
863 1424 962 1455 solum
988 1424 1128 1461 renovat,

564 1471 669 1502 Aurea
694 1471 778 1502 mala
802 1469 933 1502 ferendo
958 1471 1064 1509 micat,

562 1517 697 1549 Munera
720 1518 878 1549 Bacchica
898 1518 966 1557 jam
989 1518 1126 1558 reparat,

564 1563 694 1596 Mellica
717 1565 833 1597 vinitor
858 1565 972 1597 hausta
995 1565 1097 1604 parat,

563 1611 688 1643 Palmes
711 1614 748 1643 ut
771 1612 845 1643 hinc
869 1621 926 1643 sua
951 1611 1033 1643 dona
1054 1610 1146 1644 ferat.

505 1677 536 1708 3.
564 1677 685 1716 Sidera,
712 1680 827 1716 pontus
854 1680 885 1708 et
908 1687 985 1709 arva
1010 1678 1134 1717 canunt,

563 1723 754 1764 Tripudiant
776 1724 869 1756 simul
894 1727 925 1755 et
948 1724 1093 1755 recinunt

563 1771 678 1803 Nobile
704 1779 828 1803 carmen
854 1774 886 1802 et
909 1771 1084 1811 angelicum

561 1818 606 1850 Et
625 1817 791 1850 Michaelis
816 1818 935 1850 honore
958 1827 1082 1849 sacrum

562 1864 682 1897 Nomen
709 1865 751 1897 ad
775 1868 861 1897 astra
884 1865 1008 1897 boando
1034 1864 1148 1897 ferunt.

501 1932 531 1964 4.
559 1931 721 1964 Laudibus
739 1932 895 1964 aethereis
913 1932 1068 1964 celebrem

558 1979 727 2019 Pangimus
751 1979 835 2011 hunc
856 1978 1015 2011 reboando
1042 1979 1136 2019 diem,

559 2027 625 2065 Quo
650 2026 798 2069 Michael‚
823 2036 970 2067 superum
995 2030 1133 2068 satrapa,

559 2073 642 2106 Sede
666 2072 793 2105 refulsit
816 2074 856 2106 ab
879 2074 1008 2106 uranica

557 2121 645 2153 Dans
670 2121 796 2161 populis
819 2121 874 2161 pia
898 2121 1050 2154 subsidia.

500 2189 530 2220 5.
556 2186 697 2227 Belliger
720 2186 848 2218 inclitus
875 2189 969 2226 atque
992 2188 1115 2227 potens,

557 2234 668 2267 Clarus
696 2237 728 2266 et
752 2237 862 2266 auctus
885 2234 1001 2274 ubique
1023 2241 1163 2274 manens,

556 2284 712 2323 squamea
737 2282 819 2314 colla
841 2284 947 2313 terens
973 2281 1093 2314 colubri

554 2329 714 2362 Faucibus
739 2329 853 2361 obruat
876 2330 909 2361 in
933 2329 1076 2362 barathri

555 2378 690 2411 Munere
713 2377 816 2409 victor
839 2376 956 2418 ubique
979 2377 1049 2412 Dei.

1245 2432 1299 2462 15*
