1651 2518
687 105 941 142 -143-

598 217 663 250 235.
703 216 747 249 De
766 218 873 249 saneto
896 216 1034 249 Geraldo.

690 285 738 314 Ad
756 285 942 315 Nocturnum.

176 354 206 388 1.
234 352 400 393 GeralduS,
427 362 549 394 gemma
573 355 752 394 praesulum
850 354 881 387 3.
907 355 980 394 Ipse
1003 362 1061 392 pro
1085 353 1175 385 nobis
1200 351 1332 385 Domino

230 400 274 433 Et
299 400 414 441 gaudia
438 402 646 444 sacerdotum,
906 401 1089 434 Intercedat
1111 409 1179 432 eum
1205 399 1328 440 gaudio,

232 448 291 487 Qui
314 448 347 479 in
371 451 548 480 sanctorum
574 457 702 480 numero
908 447 952 481 Ut
974 449 1175 487 impetremus
1201 446 1332 486 gratiam

232 496 421 535 Assumptus
448 498 496 527 est
519 504 539 527 a
562 496 706 528 Domino.
904 494 949 527 Et
972 505 991 527 a
1011 495 1149 534 peccatis
1175 494 1306 527 veniam.

175 562 205 593 2.
233 561 387 593 Patronus
411 564 519 594 noster
543 561 667 601 nobilis,
848 563 878 594 4.
905 561 972 593 Deo
997 560 1081 601 patri
1104 561 1144 592 sit
1169 560 1268 600 gloria

234 607 319 640 Coeli
343 608 445 640 turbis
466 608 619 651 amabilis,
901 608 1043 647 Eiusque
1066 608 1126 639 soli
1148 606 1213 639 filio

234 654 389 687 Geraldus
416 664 484 687 cum
509 656 629 687 laetitia
905 655 982 687 Cum
1006 654 1120 694 spiritu
1144 654 1298 693 paraclito

233 701 338 734 Hodie
362 702 460 734 intrat
482 703 515 734 in
540 702 677 734 aethera.
905 701 998 733 Nunc
1031 704 1062 733 et
1092 710 1150 741 per
1177 709 1268 733 omne
1292 700 1459 732 saeculum.

249 776 333 803 Brev.
353 777 530 804 Braearense
555 778 623 812 imp.
645 776 839 805 salmanticae
867 774 947 804 1512.
971 776 1005 804 A.
1032 791 1069 795 —
1088 777 1171 804 Brev.
1191 776 1368 803 Braearense
1392 775 1461 808 imp.

178 813 379 842 Conimbricae
401 812 482 842 1634.
502 815 534 842 B.

597 923 662 954 236.
700 923 743 954 De
763 924 869 955 saneto
894 924 1034 955 deraldo.

724 990 772 1019 Ad
790 989 916 1020 Laudes.

178 1059 208 1091 1.
236 1058 323 1092 Odor
347 1058 479 1090 Geraldi
507 1058 625 1090 tumulo
853 1061 883 1092 3.
910 1059 934 1091 O
960 1067 1086 1099 regnum
1112 1058 1333 1099 Portugalliae‚

234 1104 405 1144 Refragrat
427 1105 527 1137 bonus
551 1106 677 1145 populo,
909 1105 958 1137 Do
982 1109 1068 1137 tanto
1093 1105 1194 1145 gaude
1214 1105 1370 1145 praesule,

231 1154 281 1184 Ac
304 1152 330 1184 si
356 1155 438 1184 esset
462 1157 645 1192 aromatum,
909 1153 1005 1192 Quem
1030 1152 1088 1184 tibi
1110 1152 1171 1185 Dei
1196 1153 1297 1192 gratia

232 1200 283 1231 Ita
306 1198 442 1238 refulget
472 1197 632 1231 feretrum.
909 1199 1096 1232 Sublimavit
1119 1199 1160 1231 ad
1186 1199 1323 1232 aethera.

176 1267 206 1298 2.
233 1266 257 1298 O
283 1265 486 1297 Bracarensis
512 1264 632 1306 civitas,
849 1266 880 1297 4.
908 1266 958 1298 Sit
980 1265 1064 1304 patri
1085 1264 1153 1296 Deo
1176 1265 1277 1304 gloria

236 1313 302 1352 Qua
328 1311 515 1344 confessoris
540 1312 657 1344 veritas
908 1312 1049 1352 Ejusqne
1073 1312 1133 1343 soli
1156 1310 1221 1343 filio

233 1358 381 1398 Refulget
404 1359 438 1390 in
463 1358 522 1390 hoc
543 1359 666 1390 saeculo
909 1359 984 1391 Cum
1009 1359 1122 1398 spiritu
1147 1357 1299 1398 paraclito

230 1405 274 1438 Et
299 1407 378 1438 coeli
402 1406 518 1445 gaudet
543 1406 660 1438 concio.
908 1406 1000 1437 Nunc
1032 1408 1062 1437 et
1094 1414 1151 1444 per
1184 1413 1273 1437 omne
1296 1404 1464 1435 saeculum.

249 1470 334 1498 Brev.
355 1471 532 1498 Bracarense
552 1472 620 1507 imp.
642 1470 836 1498 salmanticae
858 1468 938 1497 1512.

559 1579 624 1611 237.
662 1579 705 1610 De
724 1588 748 1611 s.
771 1579 920 1620 Gregorio
941 1579 1086 1612 Ostiensi.

176 1652 207 1683 1.
233 1650 405 1690 Grregorius
428 1649 584 1682 mirabilis
850 1653 881 1684 4.
907 1651 957 1682 De
980 1650 1043 1683 tuis
1067 1651 1165 1683 saeris
1189 1649 1322 1688 ossibus,

233 1697 328 1729 Adsit
348 1696 438 1729 nobis
464 1697 633 1735 exsulibus,
906 1699 1019 1730 Paesul
1039 1706 1182 1739 mangne,
1205 1696 1410 1737 sanctissime,

233 1745 296 1777 Per
320 1744 424 1777 omnia
446 1743 616 1777 laudabilis
908 1745 998 1777 Salus
1025 1745 1117 1776 datur
1140 1743 1359 1784 languentibus

232 1791 299 1823 Nos
324 1791 468 1823 sublevet
490 1791 658 1824 sideribus.
905 1792 971 1824 Eos
997 1801 1108 1824 curans
1132 1790 1374 1831 promptissime.

174 1861 206 1891 2.
231 1859 338 1891 Patris
359 1858 456 1897 jussis
481 1857 701 1897 obtemperans
851 1861 881 1892 5.
906 1859 966 1897 Qui
991 1859 1064 1890 dum
1089 1866 1159 1890 eras
1182 1858 1214 1889 in
1240 1858 1375 1898 saeculo,

233 1905 356 1938 Venisti
380 1905 413 1937 in
438 1904 634 1946 Hispaniam,
908 1905 1010 1938 Corde
1034 1905 1193 1937 serviebas
1217 1904 1285 1937 Deo

230 1954 388 1993 Prospera
411 1952 521 1984 mundi
544 1951 685 1984 refutans
907 1952 1021 1985 Sancto
1044 1953 1171 1992 junctus
1195 1952 1370 1992 Dominico‚

231 1999 279 2033 Ob
304 2002 425 2040 pestem
449 2000 661 2032 locustariam.
905 2000 1002 2040 Regis
1024 2001 1127 2032 nitens
1151 2002 1184 2032 in
1208 2000 1297 2035 solio.

172 2069 203 2101 3.
228 2067 298 2099 Tua
320 2074 417 2107 prece
437 2066 636 2098 sanctissima
849 2067 880 2098 6.
904 2066 1008 2106 Unde,
1034 2070 1125 2105 pater
1149 2066 1354 2106 sanctissime,

230 2115 348 2147 Cuncta
373 2113 462 2154 fugas
486 2114 693 2153 incommoda,
907 2113 973 2146 Nos
998 2114 1038 2146 de
1060 2116 1161 2145 morte
1184 2117 1337 2153 perpetua

230 2162 291 2194 Per
315 2171 408 2202 quam
431 2162 488 2194 illa
512 2161 703 2201 nequissima
905 2161 1000 2193 Salva
1023 2170 1117 2201 prece
1142 2162 1269 2194 assidua

228 2209 325 2249 Fugit
347 2209 447 2248 pestis
472 2217 530 2249 per
554 2208 666 2241 omnia.
904 2209 966 2240 Per
989 2209 1183 2240 saeculorum
1207 2209 1342 2242 saecula.

244 2285 382 2321 ’rom-ayo,
402 2285 553 2320 Martyrol.
572 2285 697 2320 Hispan.
717 2284 779 2317 m,
803 2281 857 2312 12⁴0
876 2285 931 2311 mit
949 2283 999 2312 der
1018 2284 1222 2320 Anmerkung:
1242 2285 1277 2312 In
1296 2285 1463 2322 legendario

171 2324 367 2359 manuscripto
386 2324 588 2360 antiquissimo
616 2323 697 2351 urbis
727 2322 762 2350 dc
780 2322 893 2358 Torrijo
921 2323 952 2350 in
974 2322 1131 2350 Celtiberia
1157 2323 1245 2350 hocce
1267 2325 1402 2352 carminis
1422 2325 1464 2352 di-

175 2362 262 2388 metri
282 2360 410 2389 Jambici
430 2362 585 2389 cacometri
603 2363 821 2389 monumentum
842 2360 957 2397 legitur.
978 2376 1013 2380 —
1039 2358 1065 2395 5,
1087 2359 1105 2388 2
1145 2362 1279 2390 Ptmrno.
