1651 2518
727 102 982 137 —172—

659 199 691 230 5.
719 196 826 228 Gloria
851 196 892 228 sit
915 198 1000 239 nato,

715 242 859 284 Ingenito
882 242 976 282 patri,

716 289 854 322 Flamini
877 289 969 321 beato

712 336 757 367 Et
781 337 876 368 decus
899 335 941 367 sit
963 335 1068 375 matri,

715 382 847 422 Templo
871 382 1032 422 trinitatis,

713 429 792 462 Cum
814 430 931 460 sanct-is
955 428 1066 469 beatis,

711 475 756 507 Et
778 475 868 508 nobis
893 475 936 507 sit
958 476 1025 508 vita

714 521 788 554 Cum
815 522 859 552 eis
883 522 971 554 unita

714 569 776 600 Per
799 570 925 601 saecula
950 570 1069 601 cuncta.

282 638 366 664 BreV.
391 642 443 663 ms‘.
464 635 634 662 Zamorense
659 641 734 661 saec.
763 631 806 661 15.
834 632 901 660 Ood.
925 633 1018 669 Capit.
1037 633 1178 661 Zamoren
1202 643 1225 662 s.
1251 643 1280 661 n.
1304 649 1337 654 --
1356 634 1403 661 An
1427 636 1499 661 zwei

208 673 326 701 Stellen.
347 688 383 692 —
405 671 428 706 1,
449 670 467 698 2
486 671 558 700 fehlt
577 671 682 699 einmal
702 670 752 698 das
775 672 861 698 Wort
879 670 1011 699 Sanctus.

620 761 687 793 294.
726 761 768 792 De
789 764 895 793 sancto
915 761 1078 793 lldefonso.

720 828 768 857 Ad
788 828 976 858 Nocturnum.

208 900 238 932 l.
263 900 378 940 Pange,
404 897 486 937 polis
508 896 716 939 mmm-ensis,
883 898 914 931 3.
939 896 1032 928 Dulci
1058 898 1131 937 quia
1154 898 1290 929 melodia

263 945 336 977 Tibi
361 949 409 976 est
432 953 452 975 a
474 944 542 975 Deo
565 944 657 975 datus
937 943 1040 983 Saepe
1064 944 1244 976 decantavit
1267 945 1306 987 ei,

262 992 357 1024 Ensis
382 991 455 1023 olim
478 991 510 1022 in
535 989 660 1021 offensis
935 989 1058 1022 Dilexit
1081 999 1149 1022 eum
1173 991 1288 1032 Maria,

262 1036 440 1079 Illefonsus⁷
464 1038 513 1069 vir
537 1036 657 1075 beatae,
934 1036 1034 1068 Stella
1056 1037 1163 1077 maris,
1188 1041 1289 1069 mater
1313 1037 1384 1078 Dei,

310 1084 367 1122 Qui
391 1087 423 1115 te
446 1083 574 1115 nimium
601 1083 729 1115 decorat
982 1083 1168 1115 Labentium
1194 1084 1325 1124 opificis,

261 1132 302 1163 Et
336 1133 398 1162 tam
424 1139 482 1169 pro
508 1133 539 1161 te
563 1139 653 1169 quam
678 1138 737 1169 pro
758 1130 819 1161 tuis
935 1130 973 1161 111
998 1131 1120 1169 signum
1146 1131 1322 1163 dilectionis

262 1176 345 1210 Urbs
370 1177 472 1216 beata,
500 1176 595 1216 digna
621 1176 724 1219 laude7
933 1176 1023 1208 Haec
1046 1177 1146 1209 lilium
1170 1179 1356 1210 convallium

261 1225 432 1263 Tamquam
456 1222 529 1254 filiis
553 1232 611 1262 pro
636 1223 710 1263 suis,
934 1224 1058 1263 vasque
1082 1224 1309 1256 benedictionis

263 1271 357 1304 Unde
382 1270 504 1302 exsulta,
528 1272 560 1300 et
582 1270 693 1309 gaude,
937 1269 1087 1301 Submisit
1114 1271 1141 1302 ei
1166 1271 1307 1313 pallium,

308 1317 380 1356 Jugi
407 1325 502 1356 prece
526 1315 627 1347 Deum
652 1320 730 1348 orat.
979 1316 1041 1348 Sed
1067 1318 1107 1349 ad
1131 1327 1219 1349 usum
1243 1317 1410 1357 pontificis

203 1375 233 1407 2.
262 1373 357 1412 Quem
382 1372 524 1405 Toletum
549 1372 635 1403 misit
655 1371 722 1414 tibi,
878 1374 910 1405 4.
938 1372 1014 1405 Cum
1038 1376 1130 1411 patre
1155 1374 1381 1407 consolatorem

258 1419 446 1459 Metropolis
470 1419 646 1458 benedicta,
933 1418 1111 1459 Natumque
1135 1421 1227 1453 simul
1253 1421 1418 1453 laudantes

257 1467 296 1498 In
320 1475 408 1497 suum
434 1465 528 1505 elegit
551 1465 612 1496 sibi
929 1465 1099 1498 Precemur
1121 1466 1205 1499 hunc
1231 1467 1449 1510 confessorem,

258 1513 319 1545 Dei
343 1516 443 1544 mater
466 1513 499 1544 in
524 1511 586 1543 hac
610 1511 677 1543 vita
933 1512 978 1544 Ut
1001 1521 1057 1544 nos
1082 1513 1114 1544 in
1140 1515 1259 1546 coelum
1285 1516 1437 1547 laetantes

304 1560 356 1591 Ad
378 1559 548 1591 cantandas
571 1558 633 1590 sibi
657 1558 777 1591 laudes,
978 1560 1139 1592 Perducat
1162 1562 1226 1593 suis
1248 1562 1406 1603 precibus,

258 1608 340 1646 Quas
364 1605 544 1645 frequenter
567 1605 600 1636 in
623 1604 683 1636 hac
706 1606 776 1637 luce
928 1605 973 1636 Et
994 1610 1030 1637 ut
1053 1615 1200 1646 queamus
1227 1608 1349 1648 dignius

260 1654 340 1692 Quia
363 1653 425 1684 sibi
449 1652 637 1691 decantavit,
930 1652 1012 1683 lllue
1035 1651 1144 1685 felices
1167 1655 1308 1696 tendere,

258 1700 355 1732 Totus
378 1701 484 1732 manet
508 1707 544 1731 ea
570 1699 649 1730 duce
930 1698 1086 1738 Dignetur
1109 1701 1170 1732 Dei
1193 1701 1276 1733 filius

257 1746 378 1778 Fructu
402 1746 520 1786 fruens,
545 1754 635 1786 quem
660 1745 800 1785 speravit
930 1744 996 1777 Nos
1023 1747 1164 1786 expiatos
1189 1748 1324 1781 reddere

305 1794 437 1827 Sanctus
468 1793 529 1833 hic,
555 1793 604 1823 cui
630 1792 815 1832 congaudes.
978 1794 1007 1824 A
1031 1796 1233 1833 peccatorum
1257 1795 1408 1830 faecibus,

272 1859 356 1886 Brev.
381 1867 433 1885 ms.
454 1858 625 1885 Zamorense
650 1865 726 1884 saec..
757 1854 801 1884 15.
831 1855 899 1883 Cod.
919 1856 1014 1892 Capit.
1034 1857 1183 1886 Zamoren.
1204 1868 1227 1887 s.
1247 1869 1276 1887 n.
1295 1876 1332 1881 —
1352 1861 1398 1889 An
1417 1862 1490 1889 zwei

197 1896 307 1924 Stellon
333 1896 358 1922 A
381 1895 440 1923 und
464 1896 496 1923 Β.
524 1910 560 1914 -
580 1892 612 1928 2,
638 1892 655 1921 9
675 1895 810 1922 Fructum
835 1894 931 1922 fruens
951 1895 1009 1922 AB.
1037 1911 1072 1915 -—
1097 1894 1129 1931 3,
1160 1895 1174 1923 1
1194 1897 1341 1934 Dulcique
1364 1899 1489 1927 melodia

196 1934 255 1962 AB.
277 1949 311 1953 —
332 1931 360 1966 4,
382 1932 402 1960 4
421 1941 483 1969 sqq.
503 1934 694 1968 weggerissen
712 1933 746 1960 Α.

620 2023 685 2055 295.
723 2023 765 2055 De
785 2024 890 2055 saneto
910 2022 1071 2055 Ildefonso.

742 2091 791 2120 Ad
809 2091 933 2121 Laudes.

199 2164 230 2195 1.
254 2160 374 2200 Pande,
400 2163 509 2200 pastor
534 2160 667 2201 egregie,
925 2160 1044 2194 Dicens
1066 2164 1122 2195 tua
1145 2162 1215 2195 fore
1238 2172 1312 2197 ossa.

300 2207 358 2247 Qui
383 2206 451 2248 fuit,
478 2209 531 2248 qui
554 2208 670 2240 nostris
695 2208 758 2240 oris
975 2209 1013 2240 In
1037 2210 1204 2248 sepulchro
1227 2220 1289 2243 non
1312 2212 1409 2252 inani,

254 2254 395 2286 Advenit
418 2254 474 2287 sub
499 2253 603 2294 effigie
928 2255 1024 2289 Haud
1045 2256 1139 2297 longe
1156 2258 1248 2289 nimis
1271 2267 1291 2289 a
1315 2258 1401 2291 fossa

300 2301 529 2340 Supplicissimi
552 2302 687 2341 paston's
977 2301 1172 2336 Confessoris
1198 2304 1342 2345 Attilani,

347 2348 510 2380 Sacerdoti
534 2350 718 2383 reverendo.
1022 2350 1108 2382 Pede
1131 2352 1232 2384 locum
1257 2354 1461 2387 ostendendo.
