1651 2518
651 100 905 136 -249—

133 196 163 226 5.
191 194 249 234 Qui
275 197 405 235 septem,
432 203 508 234 quos
534 194 686 227 habuerat
808 199 837 229 7.
865 196 928 228 Sub
955 199 1009 228 tua
1033 196 1115 228 huno
1140 197 1282 228 custodia

190 241 279 281 Sara,
302 241 387 273 viros
410 246 590 281 necaverat,
865 242 947 275 Fide
972 244 1137 282 committe,
1162 243 1267 283 patria

189 289 235 321 Ut
257 291 438 320 servaretur
461 289 575 328 virgini
865 291 971 330 Ipsum
995 291 1113 322 revidit
1136 290 1295 330 sospitem,

188 335 285 375 Virgo
307 335 470 376 jungenda
494 336 617 375 semini,
868 337 965 375 Quem
989 339 1125 377 suscepit
1148 338 1346 376 locupletem.

132 392 163 424 6.
189 391 309 424 Tobiae
333 392 432 423 saneti
459 391 535 431 filio,
809 394 840 426 8.
866 394 1043 426 Hierarcha
1071 402 1192 434 magne,
1227 402 1419 433 quaesumus,

191 438 291 470 Tribu
316 441 426 470 sancta
450 440 624 481 progenito,
868 441 1007 480 implora
1030 441 1092 472 tuis
1117 440 1274 480 precibus,

190 485 288 524 Quam
314 486 343 516 ei
364 486 471 525 junxit
493 486 626 526 Raguel,
866 487 911 519 Ut
930 487 1072 527 ignoscat
1099 487 1279 520 criminibus

187 532 233 565 Ut
256 532 396 565 statuisti
421 533 576 574 Raphael.
866 534 990 566 Nostris
1014 534 1111 575 Deus,
1137 542 1217 574 quae
1241 533 1381 569 fecimus,

581 590 613 623 9.
640 589 752 622 Gloria
774 590 842 634 ubi,
867 590 1011 624 Domine.

203 655 286 681 Brev.
307 654 470 681 Romanum
489 655 558 690 imp.
582 652 615 682 15
624 652 668 682 **.

545 792 615 824 434.
655 793 698 824 De
719 793 823 824 sancto
844 792 1011 833 Raphaele.

684 868 732 897 Ad
750 868 875 898 Laudes.

131 947 162 979 l.
188 946 257 977 Rex
283 945 459 977 dominator
486 946 634 986 gentium,
809 949 838 979 5.
868 947 1018 978 Absolvit
1041 946 1151 978 Saram
1174 947 1328 986 virginem

188 992 282 1024 Sume
307 995 448 1024 nostrum
472 993 684 1032 praeconium,
861 993 912 1024 Ab
937 993 1089 1025 Asmodei
1113 993 1247 1033 vinculo,

188 1040 236 1073 Ut
259 1045 377 1071 terra-m
405 1039 459 1071 des
484 1039 655 1072 viventium
867 1040 1027 1072 Abstersit
1054 1043 1085 1071 et
1108 1040 1283 1080 albuginem

189 1086 328 1119 Primo
367 1086 527 1118 dierum
561 1087 747 1120 omnium.
866 1086 958 1119 Caeci
983 1087 1125 1119 Thobiae
1149 1087 1247 1119 oculo.

131 1145 162 1175 2.
187 1143 240 1175 Ad
265 1145 298 1173 te
323 1143 492 1174 clamamus
518 1143 650 1183 exsules,
810 1144 839 1176 6.
865 1143 966 1175 Error
989 1146 1025 1174 ut
1047 1143 1149 1175 hiscat
1172 1145 1322 1185 aemulus,

190 1189 327 1221 Nostrae
351 1190 461 1221 salutis
486 1190 623 1228 institor,
866 1190 912 1221 Te
937 1190 1150 1229 deprecamur,
1176 1190 1319 1229 Domine,

192 1237 273 1268 Nam
299 1236 383 1268 solus
408 1235 491 1268 fidus
514 1237 642 1275 praesul
667 1245 710 1276 es,
870 1237 1031 1269 Ascendat
1056 1238 1137 1269 alter
1161 1238 1288 1277 angelus

190 1286 376 1317 Aeterne
397 1292 534 1315 rerum
560 1284 749 1315 eonditor.
866 1285 896 1315 A
921 1284 1026 1315 solis
1052 1288 1169 1316 ortus
1195 1285 1379 1318 cardine.

135 1342 166 1373 3.
194 1340 254 1372 Per
275 1340 449 1380 Raphaelis
474 1340 588 1371 merita
812 1342 841 1374 7.
867 1340 938 1371 Lux
961 1343 998 1370 ut
1023 1339 1239 1372 deficientibus

193 1388 393 1420 Gharismata
418 1387 587 1427 custodies,
867 1387 968 1418 Nobis
994 1387 1126 1419 donetur
1152 1387 1290 1427 coelitus,

193 1434 243 1465 Ne
267 1438 376 1465 nostra
400 1443 471 1474 spes
497 1435 540 1465 sit
563 1434 664 1476 irrita,
869 1434 1035 1474 Rogamus,
1062 1435 1177 1467 nostris
1201 1434 1367 1471 mentibus,

191 1481 384 1520 Christe,
426 1482 495 1520 qui
531 1481 602 1512 lux
639 1489 679 1512 es
716 1484 755 1511 et
868 1481 994 1520 Veni,
1030 1485 1200 1513 creator
1231 1482 1424 1520 spiritus,

529 1528 628 1561 dies.

136 1586 167 1617 4.
194 1584 257 1615 Hie
280 1583 517 1623 paranymphus
543 1583 664 1615 exstitit
812 1586 843 1617 8.
870 1583 1071 1623 Quaesumus,
1098 1588 1207 1617 auctor
1232 1585 1377 1626 omnium,

190 1630 311 1663 Tobiae
333 1630 443 1663 Saram
469 1629 644 1672 foederans,
868 1631 903 1662 In
930 1632 990 1662 hoc
1012 1632 1154 1671 paschali
1179 1633 1292 1672 gaudio

195 1678 297 1710 Vitam
324 1686 460 1718 opesque
484 1677 645 1717 praestitit
867 1678 918 1709 Ab
943 1679 1026 1710 omni
1050 1679 1159 1710 mortis
1183 1680 1302 1718 impetu

188 1725 302 1758 Eidem
326 1726 396 1764 ipse
420 1724 581 1757 miserans,
868 1724 969 1756 Tuum
995 1723 1131 1757 defende
1155 1727 1314 1766 populum.

206 1791 289 1818 Brev.
316 1791 478 1818 Romanum
499 1791 568 1825 imp.
591 1787 677 1817 15**.
702 1804 741 1809 —
761 1787 787 1822 3,
808 1787 826 1815 2
847 1788 1066 1817 Charismatum.
1086 1805 1121 1810 —
1143 1787 1169 1824 3,
1190 1788 1207 1818 3
1227 1792 1271 1818 Ne
1291 1792 1370 1819 fehlt.
1389 1806 1424 1811 --

132 1827 157 1862 5,
178 1826 197 1854 2
218 1829 263 1856 Ab
282 1828 357 1856 fehlt
385 1844 422 1848 —
442 1826 468 1861 5,
487 1826 509 1855 4
527 1828 571 1855 Ab
591 1829 671 1855 eaeei
689 1826 830 1855 Thobiae.

569 1965 637 1998 435.
675 1966 718 1997 De
739 1966 845 1997 sancto
865 1965 989 1997 Severo.

668 2042 715 2072 Ad
735 2043 887 2080 Vesperas.

133 2126 163 2160 1.
190 2125 271 2164 Ave,
297 2124 425 2164 praesul
450 2123 659 2164 Barcinonae‚
813 2123 844 2155 2.
870 2121 1065 2154 Barcinonae
1087 2122 1266 2166 incolatum,

238 2174 317 2214 Ave,
343 2176 436 2211 pater
459 2171 612 2214 piissime,
916 2169 1011 2208 Cujus
1037 2179 1069 2202 es
1093 2169 1253 2210 indigena,

190 2220 269 2260 Ave,
297 2219 375 2251 civis
400 2221 508 2251 noster
532 2218 623 2259 bone,
871 2216 1003 2249 Mutasti
1029 2217 1068 2249 ad
1094 2217 1194 2249 locom
1220 2221 1352 2259 gratum,

235 2266 330 2299 Miles
353 2266 571 2305 invictissime,
919 2264 984 2298 Ubi
1008 2273 1078 2297 eras
1102 2265 1234 2305 advena,

188 2314 291 2346 Melos
315 2323 402 2347 sume
426 2314 530 2355 plebis
553 2322 674 2354 pronae
870 2311 933 2344 Sed
957 2312 1082 2345 traxisti
1106 2313 1146 2346 ad
1171 2313 1311 2346 innatum

236 2361 283 2394 Te
305 2362 479 2402 laudantiS,
506 2362 633 2401 optime.
913 2360 1052 2401 Pignora
1075 2360 1241 2401 terrigena.
