1651 2518
766 109 1021 144 -134—

557 227 619 259 214.
656 227 692 259 Iu
710 227 789 259 festo
810 226 998 268 Stigmatmn
1015 237 1040 259 s.
1060 228 1224 261 Francisci.

770 303 805 332 In
823 302 851 331 2.
869 303 1017 342 Vesperis.

249 379 282 411 1.
307 378 361 409 Ad
383 379 548 411 Francisci
572 378 689 411 famam
713 380 811 419 prisci
924 381 955 413 2.
983 381 1028 413 Ut
1052 379 1191 413 formosa
1215 380 1308 412 rubet
1332 389 1405 412 rosa

353 425 446 457 Facit
470 426 573 458 laudis
598 426 769 467 fastigium,
1027 427 1127 460 Latus
1153 436 1300 459 emanans
1325 428 1474 467 sanguine

307 473 397 512 Quod
421 472 454 503 in
479 473 539 505 isto
566 473 660 504 dante
686 473 810 506 Christo
980 474 1086 507 Instar
1110 476 1176 506 nati
1200 474 1346 513 lanceati,

353 518 511 559 Fulget
543 521 683 574 crucis
707 522 864 561 myste-
1028 521 1351 554 Utnoslavaret
1368 521 1538 554 crimine.

639 578 656 599 r
666 576 677 599 1
686 577 707 598 u
714 577 756 598 m.

322 631 406 658 Brev.
429 640 483 659 ms.
507 633 693 660 Franciscan.
713 633 838 669 Hispan.
865 641 941 661 saee-
966 630 1040 661 ²⁵lie.
1068 632 1138 660 Cod.
1167 634 1292 661 Parisin.
1320 631 1401 660 1046.
1426 649 1464 653 —
1482 632 1539 660 Cfr.

247 668 388 696 Analecta
407 669 474 703 XII,
498 667 559 697 121.

690 817 749 849 215.
787 818 831 849 De
852 820 957 849 sancto
977 818 1094 850 Fracto.

745 894 781 923 In
800 894 888 932 Vesp.
909 898 939 924 et
957 894 1050 923 Laud.

251 972 282 1004 1.
307 972 394 1003 Almi
418 973 517 1010 patris
542 972 692 1004 solemnia
923 975 955 1005 4.
982 972 1052 1012 Cor,
1079 981 1113 1003 os
1139 975 1170 1004 et
1193 973 1333 1012 operatio

307 1018 513 1051 concelebret,
536 1020 679 1060 ecclesia,
981 1019 1130 1051 Tendunt
1152 1020 1186 1050 in
1209 1018 1310 1051 Deum
1331 1019 1457 1062 jugiter,

307 1065 434 1097 Famosi
456 1066 599 1106 solitarii,
980 1066 1041 1097 Est
1063 1066 1125 1097 sibi
1151 1076 1209 1106 pro
1233 1067 1344 1098 solatio

306 1111 428 1151 chti,
453 1113 515 1144 viri
540 1114 668 1153 egregii.
981 1112 1076 1145 Flere
1100 1113 1339 1148 incessabiliter,

248 1197 280 1229 2.
306 1196 393 1228 Dans
418 1198 522 1229 omnia
544 1197 736 1238 pauperibus
926 1200 956 1230 5.
983 1197 1070 1228 Vivit
1094 1197 1180 1229 clara
1203 1198 1354 1229 memoria

306 1243 362 1275 Fit
385 1245 493 1276 accola
515 1246 548 1276 in
572 1244 739 1284 montibus,
980 1242 1098 1276 Factus
1122 1244 1249 1276 vivendi
1273 1244 1445 1286 speculum,

309 1291 491 1322 Associatus
515 1292 626 1326 bestiis
980 1290 1026 1321 Et
1051 1291 1223 1323 translatus
1247 1291 1281 1322 in
1307 1291 1407 1331 gloria

306 1337 367 1369 Pro
392 1339 536 1370 humanis
561 1339 693 1370 solatiis.
981 1337 1053 1369 Non
1079 1337 1167 1369 deest
1190 1346 1249 1378 per
1273 1338 1441 1370 oraculum.

250 1424 283 1456 3.
308 1423 426 1461 Aigent
448 1423 550 1454 carnis
573 1422 721 1455 incendia
924 1424 956 1455 6.
980 1421 1093 1453 Fructi
1115 1422 1217 1454 nostri
1239 1423 1373 1463 vestigia

310 1469 419 1501 Herba
443 1472 475 1500 et
497 1473 573 1508 potu
592 1478 700 1509 aqueo,
982 1468 1032 1500 Da
1056 1470 1153 1509 sequi,
1180 1469 1264 1501 trina
1289 1470 1400 1512 deitas,

310 1516 404 1548 Cedit
427 1516 525 1547 hostis
549 1515 684 1555 perfidia
981 1515 1027 1547 Ut
1049 1516 1082 1547 in
1107 1524 1244 1555 superna
1268 1518 1355 1549 curia

307 1562 344 1594 In
369 1561 513 1594 conflictu
537 1563 676 1602 spiriteo.
982 1561 1084 1594 Nobis
1110 1563 1202 1595 cedat
1224 1563 1415 1597 haeredita-S.

324 1627 408 1654 Brev.
429 1627 605 1663 Segoviense
623 1628 692 1663 imp.
710 1626 865 1654 Valisoleti
886 1625 966 1654 1527.

688 1773 752 1806 216.
790 1773 833 1804 De
853 1775 958 1804 sancto
978 1773 1098 1805 Fracto.

769 1850 816 1879 Ad
834 1849 1023 1879 Nocturnum.

257 1929 285 1961 1.
312 1927 487 1959 Collaetare
511 1927 726 1967 triumphanti,
925 1927 956 1958 3.
984 1927 1008 1959 Ο
1034 1928 1094 1959 Dei
1117 1929 1277 1960 miseratio

314 1974 338 2006 O
364 1974 503 2006 militans
528 1974 670 2014 ecclesia,
985 1973 1201 2014 Quantumque
1224 1975 1420 2018 beneficium,

313 2021 397 2059 Quae
421 2021 531 2053 Fructi
556 2021 691 2052 concivis
716 2021 817 2052 sancti
984 2020 1029 2052 Ut
1052 2022 1172 2060 angelis
1195 2023 1359 2055 homuncio

313 2068 396 2099 Colit
419 2070 509 2106 grata
532 2067 692 2100 solemnia.
985 2066 1076 2099 Vitae
1100 2068 1143 2099 sit
1165 2069 1199 2100 in
1223 2071 1424 2103 consortium.

257 2154 288 2184 2.
313 2151 391 2183 Post
414 2154 513 2184 artam
539 2152 771 2194 poenitentiam,
925 2152 957 2183 4.
983 2151 1093 2183 Fructi
1117 2154 1216 2185 nostri
1241 2154 1372 2195 vestigia

314 2198 388 2229 Post
410 2196 501 2230 fietus
526 2203 558 2231 et
581 2199 715 2239 suspiria
983 2197 1033 2229 Da
1057 2200 1154 2239 sequi,
1179 2200 1264 2232 trina
1290 2202 1402 2243 deitas,

316 2244 401 2276 Coeli
425 2245 510 2277 subit
533 2247 686 2278 laetitiam
986 2244 1030 2276 Ut
1053 2246 1087 2276 in
1111 2254 1248 2286 superna
1273 2249 1360 2280 curia

312 2289 363 2322 De
387 2293 451 2324 vita
476 2293 627 2327 solitaria.
985 2291 1085 2323 Nobis
1111 2294 1203 2325 cedat
1226 2294 1416 2330 haereditas,

327 2355 411 2384 Brev.
432 2355 608 2391 Segoviense
626 2359 695 2394 imp.
712 2357 869 2386 Valisoleti
888 2355 970 2385 1527.
