1651 2518
744 109 998 143 ——122—

230 202 436 237 „Hispalensis
468 203 606 231 ecclesiae
635 203 829 238 portionarius
859 205 889 229 et
916 203 947 228 in
976 202 1076 230 schola
1103 201 1227 235 ejusdem
1254 202 1393 229 ecclesiae
1417 201 1516 228 huma-

226 247 329 266 narum
360 241 465 267 artium
492 240 668 276 professor“;
699 248 730 267 er
752 248 813 267 war
838 239 960 266 Schiiler
985 240 1034 266 des
1061 240 1205 267 Antonius
1231 240 1430 266 Nebrissensis
1456 239 1517 266 und

228 277 305 304 starb
328 276 383 304 den
402 274 447 304 30.
461 278 623 305 November
646 275 726 305 1535.
764 276 840 304 Bihl.
861 276 977 311 Seriptt.
998 276 1083 312 Hisp.
1103 276 1141 309 Π,
1165 275 1226 304 179.
1267 277 1327 304 Der
1346 276 1445 304 Druck
1466 276 1516 304 dor

226 313 322 378 &igal-{a
340 314 510 349 hymnorum
536 316 675 351 expositio
701 314 772 341 wird
794 314 857 341 hier
881 316 926 341 ins
946 314 1019 341 Jahr
1040 312 1110 341 1627
1131 316 1253 349 gesetzt,
1279 322 1339 341 was
1359 314 1514 342 zweifellos

322 351 435 380 heissen
454 360 540 379 muss-

645 461 704 493 188.
742 461 785 492 Dc
805 462 913 493 sancta
932 460 1115 502 Euphemia.

763 527 810 556 Ad
829 527 983 565 Vesperas.

501 605 531 637 1.
559 605 653 643 Virgo
677 605 873 645 praecluens,
899 605 1043 644 rutilam,
1071 605 1194 644 decora,

556 651 670 682 Inclita
694 661 712 683 0
737 655 858 691 martyr
881 652 973 683 nimis
997 654 1091 691 atque
1115 655 1233 690 sancta,

555 697 650 729 Gesta
672 696 780 730 felices
806 702 861 729 tua
885 699 1082 730 concinentes

598 743 702 777 Effice
728 749 864 777 cunctos.

497 802 527 833 2.
553 800 648 840 Regis
671 801 792 832 aeterni
816 801 986 833 thalamum
1011 801 1152 840 sacrasti,

554 847 677 886 Virgini
701 847 786 887 virgo
810 848 929 879 sociata
951 851 988 879 ut
1011 856 1105 886 esses,

554 894 699 933 Jungcris
724 902 838 933 sponso
863 894 1029 927 benedicta
1052 896 1128 928 Jesu

600 941 724 979 Sponsa
745 940 870 980 pudica.

497 998 527 1029 3.
553 996 679 1028 Priscus
705 996 801 1028 edicit
824 997 990 1028 simulacro
1013 998 1161 1029 honorem

553 1043 668 1075 Martis
692 1042 805 1075 offerre
828 1047 861 1074 et,
883 1044 1012 1075 adolere
1034 1044 1136 1085 thura,

554 1089 648 1121 Jussa
672 1092 881 1130 contemnens,
909 1090 1103 1133 cruciandus,
1127 1090 1238 1131 inquit,

598 1135 676 1168 Esto
701 1138 870 1169 necandus¹

496 1195 527 1224 4.
554 1192 624 1224 Non
646 1193 747 1224 minas
771 1193 856 1224 saevi
881 1195 1020 1225 metuens
1045 1193 1171 1232 tyranni

555 1239 695 1279 Negligis
720 1248 863 1279 poenam,
890 1240 1065 1273 cruciamen
1090 1248 1184 1279 esque

555 1285 684 1317 Fortior
709 1287 827 1318 cunctis
852 1286 962 1318 animis
988 1287 1121 1318 virorum

600 1334 703 1365 Parva
728 1332 843 1371 puella.

500 1391 530 1420 5.
557 1388 689 1420 Unicum
717 1389 795 1419 coeli
821 1389 1039 1429 dominumque
1063 1392 1175 1427 terrae,

554 1435 643 1467 Dicis
667 1435 826 1474 audacter,
853 1445 1004 1467 venerans
1029 1436 1126 1467 adoro

557 1481 636 1521 Ejus
663 1485 694 1513 et
717 1484 790 1513 nato
815 1480 949 1515 famulor
973 1483 1093 1522 potenti

602 1528 740 1568 Corpore
766 1532 860 1562 casto.

499 1586 528 1617 6.
556 1584 683 1616 Numini
707 1585 789 1617 trino
813 1585 938 1616 monadi
963 1586 1117 1624 salusque,

555 1631 663 1663 Gloria
688 1634 735 1663 est
756 1632 839 1670 patri
863 1631 1026 1672 genitoque
1051 1640 1185 1674 carmen,

553 1678 688 1710 Flamini
717 1679 822 1717 ¹..¹irtus‚
847 1678 945 1710 honor
969 1688 1095 1720 aequus,
1120 1678 1202 1710 idem

603 1725 737 1765 Compar
757 1727 891 1765 utrique.

305 1790 387 1816 Brcxu
409 1788 549 1817 Auriense
568 1799 636 1826 imp.
657 1789 852 1818 Salmanticae
873 1788 953 1818 1501.

649 1899 710 1930 189.
751 1900 794 1931 De
813 1902 919 1931 sancta
937 1900 1117 1940 Euplicmia.

744 1967 791 1996 Ad
809 1966 997 1996 Nocturnum.

506 2036 532 2066 1.
559 2035 651 2066 Nunc
677 2035 787 2067 chorus
813 2036 963 2075 grandem
985 2035 1119 2075 vigilans
1143 2035 1254 2068 beatae

557 2082 694 2122 Virginis
719 2090 855 2122 pugnam
880 2081 998 2113 referat
1021 2083 1165 2121 tenellae,

556 2129 695 2168 Quotque
719 2137 777 2169 pro
804 2128 927 2161 Christo
951 2129 1025 2159 tulit
1048 2128 1126 2161 haec
1150 2129 1273 2161 labores

603 2176 846 2215 Suppliciorum.

504 2233 534 2264 2.
560 2232 674 2263 Mortis
702 2232 779 2264 haec
803 2239 912 2263 sacrae
935 2233 1041 2262 monet
1064 2231 1104 2262 ad
1131 2232 1273 2264 corollas,

555 2279 719 2310 Roborans
743 2277 856 2311 fratres
881 2277 956 2309 fidei
979 2278 1098 2309 tirones

555 2325 600 2357 Et
622 2326 711 2365 prior
735 2326 855 2364 palmas
882 2324 969 2365 cupit
992 2333 1146 2364 occupare

603 2372 840 2412 Martyriorum.
