1651 2518
758 83 986 110 *025—

537 173 567 203 4.
594 170 677 202 Sana
700 179 758 210 per
779 170 908 210 Aegidii
930 170 1042 202 merita

590 217 787 249 Theodricae
808 217 923 257 legitur
946 217 1061 257 genita,

588 263 676 295 Haeo
699 265 824 303 Arelas,
850 272 887 295 ea
912 264 1074 297 Caesarius

590 310 686 343 Novit
711 313 743 342 et
766 310 822 342 ille
845 310 1079 342 Verendemius.

536 368 566 399 5.
594 366 685 398 Solus
709 368 740 398 et
763 367 815 398 1110
839 374 975 398 eremum
1000 365 1103 407 coluit,

591 413 676 445 Huic
698 413 745 445 ibi
769 421 862 445 cerva
883 413 1027 444 ministra.
1049 412 1117 452 fuit,

592 460 681 492 Haeo
704 460 822 499 agitata
846 468 921 491 cane
943 458 1064 498 fugiens

590 506 671 538 Tuta
695 507 842 539 manebat.
866 515 901 538 eo
927 506 1062 538 rediens.

535 563 564 594 6.
589 562 659 594 Rex
685 561 805 594 facinus
829 562 915 594 venit
937 564 1033 601 utque
1056 561 1144 601 sciat,

591 609 661 640 Rex
683 609 821 641 Karolus
845 608 935 648 petit,
958 611 994 639 ut
1017 607 1131 648 veniat,

594 655 713 687 Karolo
740 655 870 687 erimina
893 654 1042 694 notificat,

590 702 651 733 1110
675 702 774 741 patris
797 702 880 734 bona
904 702 1102 741 multiplicat.

536 759 566 790 7.
595 757 704 790 Gloria
726 758 820 798 patri,
846 758 938 789 31111111
962 758 1075 799 genito,

596 805 728 844 Spiritui
753 813 873 844 quoque
895 804 1059 845 paraclito,

594 851 659 883 Nos
684 852 789 883 trahat
813 852 905 891 hujus
929 860 1017 883 amor
1038 850 1113 883 fidei

593 899 646 931 Ad
665 898 748 930 bona
769 907 892 937 semper
913 898 1048 930 amanda
1069 897 1139 930 Dei.

311 962 419 996 Hymn.
444 971 497 990 ms.
516 961 689 990 Praedicatt.
708 962 855 989 Valent-in.
879 970 952 989 saec.
980 960 1055 989 1445,
1077 960 1144 988 Ood.
1165 961 1258 996 Capit.
1277 960 1423 988 N'alentin.
1443 968 1465 986 s.
1485 968 1513 987 n.

234 1000 268 1027 A.
288 1014 327 1019 —-
345 1000 428 1027 Brev.
448 1000 639 1034 Majoricense
658 1001 726 1034 imp.
745 1000 876 1027 Venetiis
898 997 978 1027 1506.
997 999 1030 1027 Β.
1049 1013 1087 1019 -ι
1106 997 1138 1034 2,
1165 996 1182 1024 2
1202 998 1304 1027 Gratia
1322 998 1406 1025 docta
1424 997 1458 1025 A.
1478 1011 1513 1016 ——

231 1035 267 1070 2,
295 1040 313 1064 ό
333 1037 440 1064 Doctor
459 1036 508 1063 1110
527 1045 611 1071 super
631 1036 689 1064 AB.
708 1050 745 1055 —-
764 1034 796 1070 3,
817 1035 838 1063 4
858 1037 991 1065 Galilaea
1007 1036 1066 1064 AB.
1084 1051 1123 1056 —-
1143 1036 1176 1069 5,
1201 1035 1220 1063 4
1239 1044 1288 1063 eor
1307 1035 1406 1062 odiens
1424 1035 1459 1062 A.
1477 1048 1515 1053 -

234 1076 290 1101 Str.
310 1073 326 1102 6
346 1074 405 1101 und
425 1074 441 1101 7
460 1074 556 1102 fehlen
569 1075 601 1102 Β,
622 1090 659 1094 —
674 1072 699 1106 6,
722 1073 736 1101 1
752 1074 809 1101 Sex
826 1074 931 1102 flavius
950 1074 1033 1101 venit
1046 1083 1138 1110 usque
1150 1075 1225 1101 sciat
1239 1073 1272 1100 A.
1284 1088 1319 1092 —
1332 1071 1357 1107 6,
1377 1070 1394 1100 3
1407 1072 1515 1100 Karolo

237 1120 289 1139 ε110
308 1111 440 1139 notificat
457 1111 490 1139 A.
511 1126 546 1131 ——
568 1111 594 1145 7,
616 1110 631 1138 1
651 1111 754 1140 Gloria
771 1113 847 1147 patri
868 1113 897 1139 et
913 1112 998 1138 simul
1018 1112 1053 1138 A.

664 1202 710 1233 85.
749 1202 791 1233 De
813 1203 922 1233 sancta
943 1202 1075 1242 Agatha.

235 1274 265 1306 1.
293 1273 389 1312 Virgo
413 1272 560 1304 laudetur
584 1271 710 1311 Agatha
906 1273 937 1304 4.
964 1272 1113 1303 Laetetur
1136 1271 1229 1302 tellus
1253 1270 1368 1310 Sicula,

290 1319 404 1352 Mundi
430 1320 547 1350 eunetis
570 1319 605 1350 in
626 1318 778 1357 terminis,
963 1318 1155 1350 Cataniensis
1178 1318 1321 1357 Agathae

297 1367 382 1405 Quae
405 1366 504 1406 stirpe
527 1373 658 1397 nascens
682 1365 791 1397 inolita
965 1365 1064 1396 Laeta
1089 1365 1171 1396 colat
1194 1364 1352 1403 solemnia,

295 1413 380 1445 Coeli
401 1411 438 1443 fit
465 1420 589 1443 consors
613 1412 770 1451 germinis.
963 1412 1048 1450 Quae
1073 1412 1192 1442 coelum
1215 1410 1337 1442 scandit
1362 1410 1464 1442 hodie.

237 1472 268 1502 2.
293 1469 382 1501 Haeo
405 1468 513 1500 mundi
537 1476 687 1506 spernens
712 1469 827 1508 gaudia
908 1470 937 1501 5.
963 1467 1071 1500 Gamis
1097 1467 1210 1499 educta
1234 1475 1360 1498 earcere

297 1516 453 1548 Summam
478 1514 632 1554 quaesivit
653 1515 794 1555 gloriam,
965 1514 1051 1546 Coeli
1075 1514 1188 1547 transit
1213 1514 1253 1546 ad
1279 1514 1409 1554 curiam,

296 1562 389 1601 Cujus
410 1565 510 1593 mater
535 1561 665 1593 ecclesia
965 1561 1021 1593 Cui
1044 1562 1187 1594 Christus
1211 1562 1242 1592 in
1269 1561 1396 1592 aethere

293 1610 374 1641 Tota
398 1609 473 1640 colit·
495 1608 684 1640 memoriam.
966 1610 1135 1640 Aeternam
1159 1610 1300 1648 praestat
1323 1607 1463 1648 gloriam.

238 1668 269 1699 3.
295 1665 357 1697 Pro
382 1664 508 1698 Christo
531 1665 611 1696 mori
637 1665 763 1704 cupiens
906 1666 938 1699 6.
962 1664 1059 1696 Trino
1082 1663 1149 1696 Deo
1169 1664 1211 1695 sit
1235 1663 1329 1696 hodie

291 1712 402 1744 Electa
428 1711 489 1743 Dei
513 1710 631 1743 famula
961 1712 1056 1751 LauS,
1083 1712 1191 1750 honor,
1218 1711 1326 1750 virtus⁷
1351 1710 1460 1750 gloria,

292 1758 439 1790 Fratrum
464 1759 595 1790 salutem
618 1758 726 1789 sitiens
965 1758 1023 1797 Qui
1045 1767 1102 1790 nos
1125 1760 1256 1797 precatu
1281 1757 1426 1797 Agathae

291 1806 410 1845 Magna
429 1805 539 1845 prodit
560 1804 720 1837 miracula.
965 1804 1052 1837 Coeli
1074 1806 1168 1837 ducat.
1190 1806 1232 1837 ad
1255 1804 1378 1844 gaudia.

311 1871 394 1898 Brev.
413 1870 576 1897 Romanum
594 1871 663 1905 imp.
684 1867 765 1896 15**.
781 1884 820 1889 —
838 1868 865 1903 6,
885 1867 904 1897 2
922 1870 995 1903 Lux‚
1011 1871 1113 1897 honor.

669 1959 714 1991 86.
754 1959 796 1991 De
815 1960 925 1991 sancta
943 1960 1069 1999 Agnete.

772 2027 820 2056 Ad
839 2026 992 2063 Vesperas.

240 2095 269 2129 1.
296 2094 392 2126 Gesta
415 2096 518 2126 mente
543 2103 603 2126 vox
627 2093 731 2126 fidelis
911 2096 942 2127 2.
967 2093 1109 2126 Fraudes
1132 2095 1253 2134 sprevit
1275 2094 1394 2126 inimici

345 2141 446 2173 Laeta
467 2144 585 2181 pangat
608 2142 740 2180 agminis
1012 2141 1099 2181 Lege
1122 2139 1201 2172 suita
1225 2141 1346 2183 latriae,

296 2188 438 2230 Agnetis,
465 2197 543 2228 quae
568 2197 693 2220 consors
720 2189 813 2220 caelis
967 2188 1063 2228 Virgo
1090 2186 1205 2220 Christi
1231 2193 1265 2219 ut
1289 2189 1381 2221 amici

342 2234 464 2267 Sanctis
490 2237 601 2277 exstat,
629 2235 766 2276 uirginis,
1014 2234 1076 2268 Cor
1101 2234 1188 2266 dedit
1212 2235 1394 2278 munditiae,

301 2283 399 2321 Quam
424 2283 541 2314 virtute
561 2291 646 2314 mors
670 2283 807 2314 erudelis
969 2281 1119 2313 Coelestis
1142 2285 1180 2313 ut
1202 2281 1279 2314 civis
1304 2282 1368 2314 diei

343 2328 415 2361 Non
440 2329 562 2362 attrivit
584 2328 727 2362 flaminis.
1019 2328 1196 2362 Mereretur
1218 2330 1351 2369 patriae.
