1651 2518
714 97 967 131 —200—

199 196 231 228 3.
255 194 354 227 Felici
379 203 503 234 semper
526 193 638 233 gaudio
872 191 904 222 4.
929 189 998 221 Rex
1023 188 1147 221 Christe
1173 189 1420 227 clementissime,

254 241 404 273 Exsultat
429 241 506 272 coeli
531 240 626 278 curia,
929 236 987 275 Qui
1014 235 1153 267 dilexisti
1175 236 1341 272 Lazarum,

257 288 362 319 Morte
386 288 509 319 devicta
532 287 653 319 Lazaro
930 282 978 314 Tu
1003 283 1100 315 corda
1123 285 1231 314 nostra
1254 282 1382 322 posside

260 336 398 366 Aeterna
425 334 480 366 dat
503 342 558 365 rex
583 332 733 372 praemia.
931 329 1018 361 Dans
1041 330 1133 361 nobis
1158 329 1238 362 coeli
1262 329 1420 369 gaudium.

598 400 627 432 5.
656 397 764 430 Gloria
788 397 856 436 tibi,
882 395 1025 434 Domine,

656 446 718 476 Pro
742 443 856 475 Lazari
880 443 1022 480 victoria,

655 492 752 530 Quem
777 489 890 523 fortem
913 489 946 520 in
973 489 1152 528 certamine,

656 536 787 569 Beatum
817 537 874 568 das
895 537 929 569 in
953 535 1062 576 gloria..

258 610 351 649 *offic
378 620 430 638 ms.
457 618 531 639 saec.
559 609 601 638 16.
623 611 691 638 (fad.
713 609 819 638 Semin.
841 610 1003 638 Gerunden.
1031 606 1113 636 2309.
1141 623 1176 627 —
1204 608 1227 638 1.
1255 606 1273 635 2
1292 609 1386 636 Amici
1406 607 1486 635 fehlt.

270 663 281 682 r,
336 649 431 676 Morte
450 649 558 675 deusta.

615 773 680 805 347.
718 774 762 805 De
782 775 892 805 saneta
908 774 1066 806 Leocadia.

693 841 727 870 In
745 840 835 879 Vesp.
855 844 886 870 et
902 841 996 870 Laud.

201 909 229 942 1.
253 910 290 941 In
315 908 395 941 festo
420 909 456 940 L<
467 909 605 951 madiae,
870 911 901 941 3.
929 909 1014 947 Quae
1039 909 1173 941 carceris
1196 908 1350 948 supplicio

256 956 345 995 Quod
370 956 545 987 celebratur
566 955 671 995 hodie,
927 954 1004 987 Fuit
1029 956 1102 987 data
1127 964 1184 995 pro
1209 955 1270 987 alio

257 1003 416 1042 Hymnum
442 1011 586 1034 canamus
609 1003 727 1042 gloriae
930 1003 1003 1035 Sive
1030 1002 1133 1034 dando
1158 1002 1307 1043 martyrio

260 1049 338 1088 Regi
365 1049 507 1081 eoelestis
532 1050 647 1081 euriae.
927 1050 987 1081 Vel
1013 1048 1156 1081 feriendo
1181 1049 1298 1088 gladio.

199 1115 229 1146 2.
257 1116 343 1146 Haec
367 1114 519 1146 Toletana
543 1114 657 1146 nobilis
871 1116 902 1148 4.
927 1114 991 1146 Ubi
1017 1115 1171 1146 commisit
1194 1114 1340 1154 spiritum

258 1161 332 1192 Fuit
357 1163 466 1192 sancta
489 1161 668 1200 laudabilis,
928 1161 1007 1201 Deo,
1034 1162 1086 1200 qui
1111 1164 1242 1201 propter
1263 1161 1406 1193 meritum

260 1208 344 1246 Quae
367 1208 505 1240 moribus
531 1211 562 1238 et
585 1208 685 1239 titulis
929 1208 1143 1247 Supplicantis
1169 1210 1198 1238 et
1223 1208 1371 1246 gemitum

258 1255 363 1286 Fulsit
388 1258 482 1293 atque
503 1254 671 1286 miraculis.
928 1254 1091 1294 Confregit
1113 1255 1213 1287 hostis
1237 1253 1404 1285 fremitum.

590 1322 621 1352 5.
647 1320 712 1352 Nos
736 1320 798 1359 ipsi
824 1319 930 1351 demus
957 1319 1097 1362 gloriam,

647 1367 704 1405 Qui
729 1367 792 1397 suis
819 1366 874 1397 <lat
898 1367 1060 1398 victoriam

645 1413 688 1444 Et
711 1416 851 1445 sanctam
875 1413 1064 1445 Leocadiam

643 1460 744 1491 Duxit
767 1460 807 1492 ad
834 1460 911 1491 coeli
937 1461 1062 1492 curiam.

274 1535 357 1561 Brev.
378 1543 430 1561 ms.
443 1534 616 1561 Tclotanum
636 1542 710 1562 saec.
728 1532 769 1561 14.
786 1534 853 1562 Cod.
870 1535 961 1569 Capit.
975 1535 1110 1561 Toletani
1123 1531 1224 1562 33—6.
1238 1534 1272 1561 A.
1287 1549 1322 1553 —
1335 1534 1419 1562 B1·ex·.
1434 1543 1486 1561 ms.

198 1571 369 1599 Toletanum
392 1580 467 1598 saec.
492 1569 535 1599 15.
557 1570 625 1599 Coa.
646 1571 740 1607 Capit.
753 1572 888 1599 Toletani
907 1568 1007 1599 33—9.
1025 1572 1054 1599 B.
1075 1586 1112 1591 ——
1131 1572 1213 1598 Brev.
1227 1572 1486 1607 Toletanum*im1).

198 1609 326 1636 Venetiis
349 1607 429 1637 1403.
451 1609 481 1636 C.
506 1623 539 1628 —-
559 1609 643 1636 Brev.
662 1610 833 1637 Toletanum
857 1610 915 1645 imp
944 1609 1075 1637 Venetiis
1098 1607 1177 1636 1492.
1193 1610 1228 1637 D.
1248 1625 1283 1629 —
1305 1610 1389 1637 Brev.
1402 1610 1485 1638 'Pole-

198 1650 297 1674 tanum
320 1647 389 1681 imp.
410 1646 527 1682 Hispali
550 1645 621 1674 1493
649 1647 684 1674 Ε.
705 1661 740 1666 ——
760 1647 844 1674 Brev.
864 1647 1035 1674 Toletanum
1055 1648 1123 1682 imp.
1143 1647 1273 1674 Vener-iis
1295 1645 1375 1674 1506.
1399 1648 1430 1675 F.
1451 1662 1485 1666 —-

198 1683 287 1711 Psalt.
313 1684 508 1711 Pallantinum
531 1684 600 1719 imp.
626 1684 764 1712 Lucronii
788 1682 868 1711 1512.
895 1685 929 1712 G.
961 1699 995 1702 —
1020 1684 1103 1712 Brev.
1124 1684 1296 1712 Toletanum
1319 1688 1386 1720 imp.
1407 1686 1486 1721 Lng-

201 1721 270 1748 duni
293 1720 372 1748 1551.
393 1722 430 1749 Η.
452 1737 488 1741 -
508 1719 533 1754 3,
554 1719 572 1748 3
592 1721 655 1749 Sibi
675 1721 769 1749 dando
790 1722 828 1749 Η.
850 1736 885 1740 -
905 1721 978 1749 Mel:
1000 1723 1034 1749 In
1054 1723 1172 1750 coelesti
1194 1722 1324 1759 collegio.
1348 1722 1380 1750 G.

620 1849 685 1881 348.
726 1849 767 1880 De
788 1851 897 1881 sancta
916 1850 1075 1882 Leoeadia.

717 1916 765 1946 Ad
783 1917 971 1948 Nocturnum.

205 1986 234 2017 1.
262 1984 396 2016 Laetare
420 1984 609 2016 Toletum
876 1987 905 2019 3.
932 1985 1020 2017 Haec
1045 1986 1118 2018 dum
1143 1988 1239 2019 corde
1263 1997 1342 2027 puro

259 2032 294 2063 In
322 2031 380 2063 hoc
403 2040 492 2064 sacro
517 2030 608 2074 festo,
931 2032 1031 2064 Deum
1056 2033 1244 2076 intercessit,

257 2076 316 2111 Oui
341 2080 470 2110 totum
493 2079 646 2111 laetum
929 2079 969 2112 In
994 2081 1128 2112 carceris
1150 2090 1238 2113 muro

258 2125 410 2157 Precibus
434 2126 553 2158 adesto,
929 2125 1077 2157 Pollicem
1102 2128 1271 2166 impressit.

200 2192 230 2222 2.
256 2190 300 2221 Et
324 2190 440 2222 habere
464 2192 489 2222 si
517 2191 564 2224 vis
874 2193 904 2224 4.
932 2191 1040 2223 Pollex
1064 2193 1111 2223 sic
1134 2193 1263 2227 intravit

255 2237 385 2277 Aliquid
410 2248 428 2269 a
450 2238 526 2281 Deo,
931 2238 966 2269 In
991 2240 1151 2278 praedura
1175 2243 1275 2279 petra,

255 2284 322 2315 Ista
346 2288 453 2316 nostra
477 2285 553 2317 civis
931 2284 1019 2322 Quod
1045 2294 1169 2317 crucem
1192 2287 1329 2327 signavit

257 2330 411 2370 Adquiret
436 2331 474 2362 ab
501 2340 545 2363 eo.
928 2331 972 2363 Ut
997 2333 1027 2363 in
1053 2333 1140 2364 molli
1167 2342 1248 2366 cera.
