1651 2518
681 113 841 147 -261
894 133 935 137 —

166 206 197 238 3.
221 206 328 246 Virgo,
356 206 470 238 decore
493 207 650 249 praedita,

223 252 297 283 Dux
323 256 428 285 coetus
453 253 660 293 admirabilis,

225 294 356 341 Pugnat,
383 300 558 339 triumphat
581 300 692 332 inclita

224 345 323 377 Sexus
348 346 447 377 oblita
471 345 604 386 fragilis.

167 403 197 435 4.
223 401 305 433 Dum
332 402 417 435 redit
442 411 511 433 eum
536 403 678 443 victoria,

225 448 305 487 Quot
329 452 442 481 natura
466 450 634 490 sideribus,

224 495 286 527 Tot
310 496 399 536 virgo
424 495 547 536 fulgens
572 497 660 537 regia

225 542 417 575 Venustatur
441 544 625 583 virginibus.

844 208 876 240 5.
899 206 979 238 Fert
1001 206 1127 238 obviam
1152 205 1226 237 dum
1252 205 1382 245 virginis

902 253 1023 293 Sponso
1049 253 1157 292 regina
1181 252 1347 292 virginum,

904 299 989 332 Coeli
1014 299 1173 339 refulgent
1197 299 1334 341 ordines,

906 346 1009 379 Corda
1033 348 1193 378 laetantur
1223 346 1369 377 omnium.

850 404 880 436 6.
908 403 1018 435 Gloria
1041 403 1110 442 tibi,
1136 402 1282 443 Domine,

903 450 977 482 Dux
1001 454 1129 482 nostrae
1153 448 1359 488 fortitudinis,

905 497 964 536 Qui
988 500 1080 529 natus
1106 505 1137 528 es
1165 496 1204 528 de
1228 496 1359 536 virgine,

905 544 970 576 Nos
995 545 1084 577 salva
1108 552 1203 583 prece
1227 543 1370 583 virginis.

241 607 323 634 Brev.
355 607 621 643 Compostellanum
648 611 716 645 imp.
744 609 917 644 Ulisiponae
948 607 1028 636 1497.
1055 609 1089 636 A.
1168 609 1251 636 Brev.
1280 607 1465 635 Cordubense

165 645 234 680 imp.
253 645 374 681 Hispali
396 644 476 673 1524.
497 646 531 673 Β.
608 647 691 674 Brev.
707 645 974 683 Gompostellanum
993 648 1061 683 imp.
1079 645 1275 674 salmanticae
1296 643 1368 673 1569
1383 645 1413 672 C.
1428 660 1464 664 -

168 679 194 716 3,
219 681 233 709 1
255 682 360 711 deeora
378 683 412 710 A.

602 822 672 855 456.
711 823 755 854 De
775 823 886 854 sancta
906 823 1025 854 Ursula.

687 899 735 928 Ad
754 899 942 929 Nocturnum.

168 974 198 1008 1.
226 974 250 1006 O
277 974 365 1014 virgo
389 975 645 1018 prudentissima,

226 1021 345 1054 Ursula
371 1022 581 1061 delectabilis,

224 1067 271 1099 Te
295 1070 404 1100 nostra
428 1072 583 1108 quaerunt
606 1069 726 1112 intima,

227 1115 332 1155 Alma,
360 1115 592 1148 desiderabilis.

166 1172 197 1203 2.
224 1171 343 1202 Nostro
366 1180 534 1210 pensamus
559 1172 686 1203 modulo

225 1218 349 1257 Quanta
373 1219 415 1250 sit
439 1219 486 1250 illi
512 1219 623 1258 gloria,

227 1264 323 1304 CuJ'us
348 1264 530 1306 praefulget
553 1266 644 1297 titulo

220 1312 309 1343 Inter
333 1313 465 1351 pudoris
490 1313 568 1345 lilia.

163 1369 193 1401 3.
220 1368 267 1399 Te
291 1368 418 1407 quidem
444 1371 566 1408 ornant,
594 1368 761 1410 eredimus,

221 1415 283 1446 Tot
308 1423 442 1447 coronae
467 1419 543 1455 quot
566 1416 689 1457 merita,

221 1461 265 1493 Et
289 1464 365 1501 quot
390 1466 516 1494 ornatos
543 1462 698 1494 cernimus

221 1509 284 1540 Per
306 1511 339 1540 te
366 1510 497 1551 coronis,
522 1509 624 1541 inlita.

845 977 877 1009 4.
902 977 984 1015 Quot
1010 984 1084 1015 ergo
1109 977 1218 1006 nostra
1244 975 1385 1014 crimina,

904 1023 966 1054 Tot
989 1023 1053 1053 sint
1077 1021 1221 1053 medelae
1246 1022 1419 1061 eriminum,

901 1070 998 1101 Adsis
1022 1069 1055 1100 in
1079 1070 1189 1107 morte,
1219 1068 1354 1107 domina,

902 1116 967 1147 Nos
991 1116 1113 1155 perduc
1136 1117 1209 1146 ante
1233 1114 1411 1147 Dominum.

866 1195 873 1203 .
901 1172 925 1205 O
951 1172 1036 1212 virgo
1061 1171 1145 1211 regis
1170 1171 1266 1211 regia,

901 1219 925 1251 O
952 1227 1008 1250 rex
1034 1218 1191 1251 coelorum
1214 1218 1332 1259 inclite,

899 1266 947 1297 Tu
972 1274 1076 1306 prece,
1103 1267 1138 1296 tu
1161 1265 1312 1304 potentia,

899 1312 947 1344 Tu
973 1315 1047 1345 vota
1069 1314 1179 1344 nostra
1203 1310 1330 1351 perfice.

866 1393 873 1400 .
899 1369 945 1400 Te
969 1369 1104 1407 petimus
1130 1367 1327 1407 suppliciter,

899 1415 1038 1446 Felicem
1061 1414 1143 1447 votis
1168 1415 1337 1445 terminum

899 1463 1032 1494 Praesta
1056 1461 1315 1501 misericorditer,

900 1509 985 1549 Jesu,
1011 1517 1128 1541 corona
1153 1508 1318 1548 virginum.

238 1574 323 1600 Brev.
347 1581 400 1600 ms.
420 1573 594 1601 Zamorense
623 1582 697 1601 saee.
727 1572 769 1601 15.
792 1574 861 1601 Cod.
883 1573 976 1609 Capit.
996 1574 1145 1600 Zamoren.
1169 1581 1190 1600 s.
1211 1581 1239 1599 n.
1261 1572 1297 1598 A.
1317 1587 1354 1590 —
1374 1573 1417 1599 Bu
1435 1582 1457 1599 v.

163 1610 429 1646 Compostellanum
448 1612 517 1647 imp.
537 1611 713 1647 Ulisiponae
734 1609 815 1638 1497.
835 1611 868 1638 Β.
907 1627 926 1629 —
946 1613 1030 1638 brev.
1052 1610 1235 1638 Corduben&
1256 1611 1325 1645 imp.
1342 1610 1458 1645 Hispali

164 1646 246 1675 1524.
274 1647 304 1675 C.
324 1664 361 1668 -ῐ
381 1649 466 1675 Brev.
495 1648 760 1684 Compostellanum
789 1650 858 1684 imp.
886 1648 1082 1676 Salmanticae
1108 1645 1188 1675 1569.
1217 1648 1252 1674 D.
1273 1661 1310 1666 —
1332 1646 1362 1680 1⁷
1392 1647 1406 1674 1
1433 1653 1457 1675 ()

161 1686 234 1713 fehlt
252 1686 286 1713 A.
307 1700 343 1704 —
364 1684 390 1720 2,
420 1684 434 1713 1
461 1686 575 1714 medulo
598 1687 631 1713 A.
652 1701 689 1704 —
708 1685 735 1719 4,
765 1685 779 1713 1
805 1694 875 1722 erga
893 1686 930 1713 D.
952 1701 986 1705 —
1003 1685 1030 1720 4,
1056 1684 1073 1712 2
1094 1687 1162 1712 sunt
1180 1686 1216 1712 D.
1239 1700 1274 1703 7-
1296 1683 1320 1719 6,
1342 1683 1359 1711 2
1380 1687 1457 1712 natis

161 1725 316 1750 terminum
335 1724 396 1751 BD.

599 1871 665 1902 457.
705 1871 748 1902 De
769 1871 880 1902 saneta
898 1871 1020 1902 Ursula.

713 1947 761 1977 Ad
779 1948 905 1978 Laudes.

159 2030 191 2062 1.
217 2029 243 2061 O
268 2029 322 2060 lux
348 2027 469 2059 aeterni
494 2026 631 2066 luminis,

218 2076 323 2109 Corda
346 2083 508 2106 servorum
534 2074 629 2105 visita

216 2123 261 2156 Et
284 2132 340 2155 nos
365 2122 399 2154 in
424 2125 552 2153 nostrae
576 2121 707 2161 virginis

214 2170 342 2203 Laudes
366 2171 514 2210 potenter
539 2169 650 2200 exeita.

158 2229 188 2260 2.
215 2228 314 2268 Virgo
340 2226 456 2267 regalis
481 2226 601 2258 Ursula

215 2275 277 2307 Tot
302 2277 406 2307 exstat
431 2274 526 2314 digna
549 2273 706 2315 laudibus,

216 2322 298 2361 Quot
322 2322 419 2356 laude
445 2321 540 2361 digna
564 2321 676 2353 sedula

214 2369 384 2410 conjungit.
408 2369 486 2400 coeli
513 2369 643 2401 civibus.

838 2028 869 2060 3.
896 2026 929 2058 Si
955 2026 1088 2068 quaeris,
1116 2027 1150 2056 ut
1176 2033 1339 2057 recenseas

894 2073 1011 2105 Missos
1037 2081 1094 2113 per
1118 2072 1199 2103 hane
1224 2073 1264 2104 ad
1290 2074 1430 2114 nemora,

893 2121 1019 2154 Summo
1044 2120 1154 2152 labore
1178 2120 1316 2162 studeas,

893 2168 1017 2210 Stellas,
1042 2168 1069 2199 si
1093 2171 1195 2206 potes,
1220 2176 1360 2201 numera.

861 2252 868 2259 .
896 2226 977 2257 Nam
1002 2232 1101 2265 aeque
1125 2233 1221 2264 grave
1245 2225 1361 2256 senties

894 2274 987 2312 Fore,
1014 2275 1091 2312 quot
1115 2275 1221 2303 coetus
1246 2272 1412 2312 virginum,

893 2323 974 2360 Quot
996 2320 1186 2351 militantum
1210 2319 1294 2352 acies

895 2368 984 2400 Haec
1009 2366 1101 2399 affert
1123 2370 1196 2399 ante
1219 2367 1397 2402 Dominum.
