1651 2518
246 213 277 244 3.
302 211 386 243 Mire
409 210 548 243 fenestra
571 210 689 250 triplici

305 258 426 290 Ornans
450 257 549 297 patris
573 257 738 297 palatium,

303 305 385 336 Fide
412 305 627 336 demonstrans
655 302 790 342 simplici

304 351 469 383 Trinitatis
493 351 684 389 mysterium.

247 410 278 440 4.
304 407 391 439 Dans
415 409 558 439 naturam
581 413 787 437 marmoream

304 453 525 486 Maledieendo
549 454 676 493 rustico,

305 500 363 538 Qui
386 504 521 531 mentem
546 507 656 538 gerens
682 507 807 530 saxeam

305 546 391 578 Nutu
415 549 448 577 te
471 546 577 586 prodit
601 545 738 585 publico.

921 211 952 242 5.
974 208 1144 241 Abseindit
1167 212 1260 240 natae
1280 208 1422 249 jugulum

979 257 1074 288 Pater
1096 255 1166 287 fera
1190 255 1357 295 crudelior,

979 302 1041 335 Sed
1066 311 1124 341 per
1150 303 1283 333 eoeleste
1307 302 1461 341 spiculum

977 348 1066 381 Mors
1088 349 1192 388 ipsum
1214 348 1291 380 ferit,
1312 349 1446 380 saevior.

921 406 950 437 6.
978 405 1076 445 Patri,
1102 407 1186 444 nato,
1213 405 1367 444 paraclito

976 451 1090 493 Decus,
1116 452 1216 483 honor
1240 453 1269 481 et
1295 450 1405 491 gloria,

979 498 1115 530 Sanctae
1140 498 1204 529 sint
1227 498 1318 536 huJ'us
1342 497 1454 529 merito

975 544 1074 576 Nobis
1099 546 1228 576 aeterua
1250 544 1374 583 gaudia.

320 611 403 638 Brev.
423 619 474 637 ms.
496 618 569 638 saec.
591 608 634 637 14.
663 609 730 636 eod.
750 609 843 637 Palat.
863 608 1010 636 Matriten.
1032 606 1088 636 214
1107 607 1134 639 (2
1149 608 1172 635 Β
1188 606 1224 642 2).
1244 608 1277 635 Α.
1298 624 1335 628 —
1354 608 1458 636 Diurn.
1483 616 1535 634 ms.

247 649 426 684 Legionense
453 655 527 675 saec.
556 645 597 674 15.
624 646 692 675 Cod.
719 647 810 682 Capit.
840 647 997 681 Legionen.
1025 644 1072 673 36.
1100 645 1134 673 B.
1161 659 1196 664 —
1223 645 1309 672 Psalt.
1339 645 1534 673 Pallantinum

247 688 314 721 imp.
335 686 473 712 Lucronii
496 682 575 712 1512.
598 684 626 711 C.
647 698 685 703 —
703 685 787 712 Brev.
809 684 992 711 Cordubense
1011 685 1079 718 imp.
1098 683 1217 718 Hispali
1238 681 1318 710 1524.
1338 683 1374 710 D.
1394 698 1433 702 —
1451 684 1534 710 Brev.

248 723 498 757 Calagurritanum
523 724 552 749 et
579 722 760 749 Calciatense
787 723 856 757 imp.
884 721 1024 749 Lucronii
1050 719 1130 749 1543.
1156 721 1192 748 E..
1219 735 1225 739 -
1279 720 1361 747 Brev.
1383 720 1411 747 S.
1431 720 1537 747 XSidori

246 762 313 796 imp.
333 760 429 787 Toleti
450 758 531 786 1502.
550 759 582 786 F.
604 775 638 779 —
662 757 685 793 1,
709 758 722 785 1
738 761 846 793 martyr

868 760 897 786 et
915 759 1017 786 inclita
1035 758 1067 785 F.
1087 774 1124 778 —
1143 756 1170 792 4,
1194 756 1208 784 1
1222 758 1284 785 Das
1304 761 1437 785 naturam
1450 758 1485 784 E.
1513 774 1516 777 -

245 797 331 833 Folgt
348 799 379 823 in
399 796 422 824 F
442 797 517 824 ohne
535 797 643 824 Absatz
664 796 728 823 dem
747 796 880 830 Hymnus
900 796 936 823 In
956 795 1074 823 coelesti
1094 795 1224 831 collegio.

666 903 726 935 130.
765 905 809 936 De
828 905 937 936 saneta
956 904 1105 936 Barbara.

757 970 805 1000 Ar]
824 970 1011 1000 Nocturnum.

254 1041 282 1071 1.
309 1039 346 1070 In
373 1039 501 1070 coelesti
526 1039 656 1078 collegio

304 1084 396 1116 Nova
421 1086 539 1124 collega
564 1086 687 1124 colitur,

305 1132 342 1163 In
365 1136 541 1163 sanctorum
566 1131 685 1163 rosario

305 1177 454 1209 Novellus
479 1177 535 1209 flos
560 1179 755 1217 producitur.

249 1236 280 1267 2.
306 1233 449 1265 Barbara
472 1233 586 1266 florens
612 1234 724 1275 gratia,

305 1280 421 1312 Forma
444 1279 530 1312 facta
553 1280 727 1320 humilium,

307 1326 407 1358 Laeta
430 1328 549 1365 potitur
572 1328 681 1366 gloria,

306 1372 412 1404 Fortis
438 1382 564 1405 consors
589 1374 776 1405 sublimium.

251 1431 282 1462 3.
306 1429 403 1460 Metit
427 1429 467 1460 de
490 1438 600 1469 sparso
625 1430 743 1461 semine

308 1475 424 1507 Plenae
447 1477 557 1507 messis
581 1476 784 1516 manipulum,

306 1521 435 1554 Fallens
460 1523 517 1554 sub
541 1525 646 1554 terrae
670 1524 806 1562 tegmine

307 1568 442 1600 Nostrae
466 1569 575 1600 salutis
600 1569 762 1602 aemulum.

921 1040 951 1070 4.
977 1039 1066 1070 Haec
1090 1039 1194 1070 carnis
1219 1040 1387 1078 supercilia

978 1085 1111 1125 Spiritui
1137 1085 1191 1116 dat
1215 1085 1351 1125 subdita,

977 1132 1131 1163 Mundum
1156 1132 1232 1163 vicit
1257 1135 1288 1162 et
1311 1133 1387 1164 vitia

978 1179 1018 1211 Se
1042 1180 1126 1210 victa
1150 1179 1264 1210 victrix
1287 1179 1406 1211 inclita.

922 1236 952 1267 5.
979 1234 1027 1265 De
1050 1235 1188 1266 tenebris
1212 1235 1357 1266 miseriae

979 1281 1134 1320 Sequaces
1159 1282 1270 1312 stellae
1292 1281 1440 1320 praeviae

979 1328 1167 1366 Quaeramus
1191 1331 1313 1366 patrem
1336 1328 1455 1367 gratiae

981 1374 1146 1406 Consortes
1170 1375 1297 1406 tandem
1321 1375 1449 1414 gloriae.

922 1430 953 1461 6.
978 1430 1121 1472 Praesta,
1145 1433 1237 1469 pater
1261 1430 1402 1468 piissime

980 1476 1128 1515 Patrique
1152 1485 1280 1517 compar
1302 1478 1394 1508 unice

979 1524 1056 1556 Cum
1080 1523 1195 1563 spiritu
1218 1524 1372 1563 paraclito

978 1569 1072 1601 Nunc
1096 1573 1127 1601 et
1149 1579 1208 1609 per
1232 1578 1323 1602 omne
1346 1570 1514 1602 saeculum.

324 1634 406 1660 Brev.
428 1641 479 1660 ms.
500 1641 574 1660 saec.
597 1632 639 1660 14.
662 1634 728 1660 Coti.
744 1633 837 1661 Palat.
850 1634 996 1661 Matriten.
1016 1631 1072 1661 214
1090 1632 1148 1668 (213
1156 1632 1194 1668 2).
1209 1635 1242 1661 A.
1263 1649 1299 1653 —
1314 1633 1404 1661 Psalt.
1418 1634 1537 1661 Pallan-

248 1672 339 1697 tinum
360 1672 428 1706 imp.
446 1670 587 1698 Lucronii
607 1669 688 1698 1512.
709 1671 741 1698 13.
761 1685 796 1690 -
819 1672 901 1698 Brcv.
921 1671 1106 1698 Cordubense
1123 1673 1192 1707 imp.
1214 1672 1331 1707 Hispali
1352 1669 1433 1699 1524.
1450 1671 1481 1698 G.
1504 1686 1536 1689 —

250 1709 332 1735 Brev.
360 1708 609 1743 Calagurritanum
643 1711 672 1736 et
697 1707 878 1736 Calciatense
906 1709 974 1744 imp.
995 1709 1134 1736 Luci-onii
1165 1707 1244 1737 1543.
1270 1709 1305 1735 D.
1336 1725 1373 1728 —
1396 1709 1481 1736 Brev.
1507 1708 1536 1736 S.

248 1745 352 1772 Isidori
373 1747 440 1781 imp.
460 1746 556 1773 Toleti
578 1744 657 1773 1502.
678 1746 712 1773 E.
733 1762 769 1765 —
789 1743 814 1779 3,
837 1749 854 1773 b
873 1746 990 1774 Fallens
1011 1746 1109 1774 subter
1127 1748 1254 1781 tegmine
1266 1746 1301 1773 E.
1325 1761 1359 1765 —-
1376 1747 1538 1783 Doxologie

248 1782 321 1809 fehlt
339 1783 401 1809 DE.

679 1873 732 1904 131.
770 1874 814 1905 De
833 1874 941 1904 saneta
959 1874 1109 1906 Barbara.

801 1940 849 1969 Ad
868 1940 992 1970 Laudes.

255 2009 284 2041 1.
313 2007 432 2048 Gaude,
458 2011 557 2039 mater
582 2008 723 2048 ecclesia,

311 2054 465 2086 Maternis
490 2055 644 2094 plaudens
668 2055 840 2094 plausibus,

311 2102 371 2133 Pro
395 2102 561 2134 benedicta
584 2101 651 2133 filia

312 2147 473 2188 Frequens
497 2149 528 2180 in
554 2148 614 2179 Dei
638 2148 797 2182 laudibus.

255 2205 287 2235 2.
313 2203 487 2236 Barbaram
514 2205 631 2237 Christi
656 2203 802 2236 famulam

314 2250 489 2282 Laudemus
513 2252 702 2283 unanimiter

311 2296 351 2327 Et
379 2298 478 2329 crucis
505 2298 621 2330 Christi
646 2298 783 2337 haJulam

316 2343 476 2376 Imitemur
500 2344 643 2378 feliciter.

924 2010 954 2040 3.
983 2007 1140 2039 Christum
1165 2006 1294 2040 fatendo
1319 2008 1421 2048 siquid
1430 2016 1479 2038 em

980 2055 1129 2086 Adstruit
1151 2053 1246 2086 fidem
1271 2055 1395 2095 clarius,

979 2101 1168 2140 Disceptans
1193 2105 1302 2133 eontra
1325 2101 1504 2141 praesidem

981 2148 1087 2179 Vincit
1110 2151 1267 2179 tormenta
1289 2146 1415 2181 fortius

925 2205 958 2234 4.
988 2204 1151 2235 Paternam
1176 2203 1293 2242 premit
1317 2204 1436 2236 rabiem

984 2250 1114 2281 Certans
1138 2250 1171 2281 in
1197 2250 1314 2282 Christi
1337 2252 1471 2291 nomine,

986 2297 1142 2329 Hostilem
1167 2295 1286 2337 frangit
1308 2298 1407 2329 aciem

986 2343 1129 2375 Glorioso
1156 2344 1335 2379 cert-amine,
