1651 2518
752 96 1002 132 -262-

621 189 651 220 5.
676 188 761 221 Hine
784 188 904 220 mei-itis
927 188 1099 219 innumeris

675 234 802 266 Laudes
828 234 940 265 dentur
965 234 1158 272 innumerae,

678 281 763 312 Laus
787 281 854 318 regi
880 280 971 311 detur
996 279 1149 318 aeth-eris,

680 326 740 366 Qui
762 324 852 357 nobis
877 327 1019 365 praestet
1040 325 1159 358 vivere.

301 391 386 419 Brev.
416 400 469 419 ms.
489 392 662 419 Zamorense
688 398 762 418 saec.
791 387 834 417 15.
857 389 924 417 Cod.
946 388 1039 424 Capit.
1060 389 1208 416 Zamoren.
1234 397 1256 415 s.
1277 398 1305 415 n.
1324 388 1359 414 A.
1378 404 1416 408 —
1434 387 1518 414 Brev.

231 428 498 463 Compostellanum
517 430 586 464 imp.
606 428 779 463 Ulisiponae
800 425 881 454 1497.
900 427 934 454 B.
954 441 991 445 —
1010 426 1096 454 Brev.
1118 425 1302 452 Cordubense
1320 426 1388 460 imp.
1402 425 1519 461 Hispali

230 464 310 493 1524.
334 467 364 493 Ο.
383 480 420 485 -
440 467 525 494 Brev.
546 464 809 500 Compostellanum
837 465 905 498 imp.
927 462 1121 491 Salmaufficae
1145 460 1226 490 1569.
1246 463 1282 489 D.
1301 477 1340 482 -—
1358 462 1384 496 2,
1404 460 1422 490 3
1443 463 1520 496 Quos

226 502 313 530 laude
330 503 361 529 A.
383 517 419 522 -—
434 501 460 537 3,
483 502 498 530 1
518 510 683 529 recenseam
696 501 737 535 D3
758 504 907 528 recenseat
921 501 954 527 B.
1019 497 1044 533 3,
1066 498 1083 528 3
1104 500 1234 528 studeam
1248 500 1288 534 D3
1310 500 1424 527 studeat
1437 501 1468 527 Β.
1483 515 1518 519 -

226 537 254 572 4,
278 538 293 566 1
313 540 390 567 Nam
410 548 502 576 aeque
520 547 623 575 graves
636 539 676 574 A·‚
695 538 782 565 Hane
799 539 873 566 haee
891 546 981 574 grave
997 539 1030 565 B.
1048 553 1087 557 —
1105 535 1133 570 4,
1153 535 1171 563 2
1184 537 1272 565 Fen-e
1290 537 1367 574 quod
1379 538 1420 573 A·‚
1440 540 1519 565 ortus

231 577 378 613 virginum
400 576 432 603 G.
452 593 489 596 —
508 575 535 609 4,
560 574 578 604 3
597 576 655 604 Tot
680 575 855 603 militantum
877 579 910 603 1⁵.
931 590 967 594 —
987 574 1014 611 4,
1039 574 1059 602 4
1085 575 1166 603 offert
1185 574 1241 602 BC.
1262 589 1297 593 —
1317 575 1405 603 Diese
1429 583 1520 610 ganze

228 612 354 649 Strophe
373 615 527 641 verfindert
544 614 572 641 D
593 613 669 641 also:

622 651 705 678 Haeo
726 653 759 677 ut
777 650 853 678 redifi
870 652 1002 684 victoria,

620 688 711 715 Parta
730 688 788 715 dux
807 689 851 715 sic
868 689 935 724 polo
957 688 1063 722 intulit,

620 725 732 761 Agmen
751 725 886 753 decorum
904 726 1000 762 gloria

620 763 662 790 Et
679 764 805 791 Domino
825 763 899 790 illud
919 764 1032 791 obtulit.

228 797 255 833 5,
278 799 292 827 1
319 799 351 827 Si
370 801 484 828 meritis
504 800 545 835 D3
574 800 624 828 Sic
643 801 754 828 meritis
773 802 805 829 B.
828 815 864 819 —
885 800 910 836 5,
932 799 949 828 3
968 802 1035 828 Lux
1052 803 1114 838 regi
1134 802 1175 836 D;
1197 802 1254 835 Qui
1273 802 1338 829 laus
1357 802 1417 836 regi
1438 800 1519 828 detur

228 838 252 863 B
270 848 277 873 3
299 838 424 865 aetheris
445 838 517 865 fehlt
535 838 569 864 B.
588 853 623 859 --
645 836 672 871 5,
691 837 711 866 4
731 838 786 872 Qui
805 839 892 866 nobis
910 838 983 866 fehlt
1002 840 1035 866 Β.

665 984 733 1016 458.
772 985 816 1016 De
836 986 944 1016 saneta
964 984 1084 1016 Ursula.

766 1061 814 1090 Ad
832 1060 986 1098 Vesperas.

231 1139 262 1171 1.
287 1139 367 1178 Age,
394 1140 499 1170 coetus
524 1138 697 1179 virginalis,
907 1141 939 1172 3.
963 1139 1090 1181 Ursula,
1116 1139 1202 1179 virgo
1227 1140 1352 1181 regalis,

335 1185 429 1217 Diem
452 1186 570 1217 laetum
594 1186 698 1226 hodie,
1014 1185 1059 1218 Et
1083 1189 1187 1218 servat
1212 1186 1343 1226 politum

286 1231 415 1273 Ursula¹
439 1233 527 1273 virgo
552 1232 679 1274 regaliS,
962 1232 1046 1264 Dum
1070 1232 1154 1265 fallit
1177 1233 1284 1272 sponsi
1308 1233 1450 1264 mortalis

334 1280 421 1311 Tuae
448 1288 543 1311 causa
566 1279 687 1319 gloriae
1012 1281 1110 1312 Inane
1134 1280 1339 1319 propositum,

286 1326 324 1358 In
350 1326 441 1366 huJ'us
467 1326 672 1358 occidentalis
962 1326 1056 1358 Roris
1080 1327 1175 1366 plena.
1198 1326 1349 1366 spiritalis

336 1373 444 1404 Insula
467 1372 660 1405 Britanniae.
1009 1372 1131 1405 Novum
1156 1371 1218 1404 fert
1244 1373 1423 1405 exercitum.

231 1431 262 1462 2.
289 1428 417 1469 Ursula,
444 1429 532 1469 virgo
556 1429 681 1469 regalis,
904 1431 934 1462 4.
961 1429 1087 1469 Ursula,
1114 1429 1201 1469 virgo
1226 1430 1350 1470 regalis,

334 1475 473 1508 Pulchra
496 1477 598 1516 surgit
621 1477 736 1516 specie,
1009 1476 1062 1508 Ad
1086 1477 1278 1515 triumphum
1301 1476 1444 1508 inclitum

286 1524 458 1563 Tamquam
483 1524 589 1556 virens
612 1521 670 1555 flos
694 1523 831 1555 vernalis
962 1524 1006 1555 Et
1029 1523 1071 1554 ad
1095 1523 1219 1562 palmae
1241 1523 1441 1562 triumphalis

334 1570 474 1601 Hiemali
497 1570 608 1614 gratia,
1010 1570 1112 1609 sagax
1137 1570 1235 1601 trahit
1257 1571 1412 1609 meritum,

291 1617 371 1649 Voto
399 1619 484 1649 casto
510 1626 589 1658 quae
612 1617 755 1649 mortalis
961 1616 1091 1656 Spectat
1114 1617 1190 1648 belli
1216 1618 1279 1649 dux
1303 1617 1424 1649 navalis

332 1664 433 1696 Thori
457 1664 580 1704 sprevit
605 1664 754 1697 debitum.
1008 1663 1086 1696 Tam
1107 1664 1215 1707 multa,
1240 1667 1305 1696 tam
1333 1665 1451 1703 gravia.

625 1722 659 1753 5.
684 1721 730 1753 Te
753 1721 889 1760 petimus
914 1721 1108 1759 suppliciter.

301 1788 386 1813 Brev.
406 1793 459 1813 ms.
479 1786 671 1813 Zamoranum
692 1793 765 1813 saec.
792 1784 834 1813 15.
851 1785 919 1813 Ood.
935 1784 1027 1821 Capit.
1043 1786 1191 1814 Zamoren.
1212 1795 1234 1813 s.
1255 1794 1283 1812 n.
1307 1800 1341 1805 —
1361 1783 1388 1819 2,
1408 1784 1426 1813 5
1446 1793 1519 1820 quae

227 1823 308 1850 fehlt.
329 1838 367 1842 —
387 1821 413 1857 3,
433 1821 450 1849 2
469 1822 543 1850 fehlt
561 1825 626 1850 eine
645 1823 741 1858 Silbe;
761 1823 831 1851 liesz
852 1831 988 1859 sponsum
1009 1826 1106 1851 servat
1124 1823 1271 1860 polieum?
1290 1839 1328 1843 —
1347 1823 1403 1850 Die
1421 1823 1518 1851 Doxo-

225 1860 305 1897 logie
330 1859 431 1897 (vergl.
450 1861 506 1888 No.
525 1859 593 1895 456)
610 1861 678 1888 fitne
698 1869 750 1888 aus
769 1861 835 1888 <lem
853 1861 1012 1889 Versmass.
1030 1876 1070 1882 —
1086 1861 1170 1890 Naeh
1191 1860 1216 1897 1,
1237 1859 1254 1888 5
1274 1870 1317 1897 sq.
1338 1861 1451 1888 seliein‘c
1468 1861 1519 1887 ‹lei-

226 1898 361 1933 Hymnus
382 1900 412 1925 in
434 1898 572 1934 England
593 1899 763 1926 entstanden
783 1908 820 1926 zu
839 1900 910 1926 sein.

667 2045 725 2076 459
764 2044 807 2076 De
827 2046 937 2076 saneta
955 2044 1076 2076 ursula„

761 2120 809 2149 Ad
828 2120 981 2158 Vesperas.

227 2195 257 2228 1.
285 2196 320 2228 In
347 2195 451 2235 magni
476 2196 571 2228 maris
596 2197 708 2236 insula,
903 2200 933 2230 2.
960 2198 1057 2229 Pater
1084 2198 1201 2229 virtute
1224 2197 1358 2229 similem

288 2242 447 2274 Vocabulo
473 2243 647 2283 Britannia,
957 2243 1008 2274 Ex
1032 2243 1104 2283 pari
1127 2244 1248 2283 prolem
1272 2244 1389 2285 genust,

283 2289 406 2320 Lucens
432 2289 571 2321 surrexit
593 2290 721 2329 Ursula,
958 2289 1050 2321 Lieet
1074 2298 1152 2322 sexu
1177 2290 1370 2329 dissimilem,

283 2335 477 2366 occumbens
501 2336 534 2367 in
561 2335 698 2369 Colonia.
960 2336 1030 2367 Non
1055 2336 1157 2368 minus
1182 2345 1278 2377 regno
1302 2337 1433 2377 profuit.
