1651 2518
506 1331 559 1364 10.

505 1611 559 1643 11.

508 1892 562 1923 12.

506 2172 558 2203 13.

748 116 999 151 -228-

546 235 553 244 .
580 212 734 243 Pertonat
756 212 830 243 hinc
854 212 988 243 reboans
1011 212 1153 255 jubilum,

581 258 675 290 Plebs
699 266 847 297 superum
868 259 1048 291 venerando
1071 259 1172 291 Deum

581 304 718 337 Fumida
741 313 875 345 namque
900 305 1010 337 cohors
1035 306 1140 338 zabuli

582 351 709 383 Territa
732 352 874 391 pulsibus
900 351 1048 392 angelicis

581 397 719 430 Necibus
745 400 793 429 est
817 399 892 431 data
914 398 1071 432 tartareis.

549 515 556 523 .
582 491 681 531 Euge,
703 493 815 529 potens
838 491 977 524 Michael
1001 491 1101 534 hagie,

582 537 716 577 Agmine
741 538 893 571 candidus
918 538 1069 579 angelico,

582 583 694 616 Sidere
718 585 880 623 pulchrior
903 585 1057 625 ignicomo

583 630 706 663 Clarior
731 636 763 662 et
786 632 935 663 rutilante
961 632 1044 671 polo,

585 678 724 710 Aethere
749 679 863 711 celsior
886 679 1051 719 astrigero.

550 796 558 805 .
585 771 774 803 Coelicolum
799 772 881 804 bone
907 773 970 804 dux
993 780 1161 811 procerum

582 818 803 858 Eximiumque
828 820 923 851 decus
946 820 1114 859 hominum,

584 865 764 896 Restituens
789 866 909 897 animas
934 866 1056 906 superis

581 911 721 952 Luniger
743 912 868 944 arcibus
892 913 1047 945 aethereis

585 958 713 990 Civibus
735 959 818 991 inter
842 961 875 990 et
899 967 968 991 esse
991 960 1063 1000 piis.

551 1077 558 1084 .
585 1051 707 1083 Ultima
729 1060 863 1091 namque
888 1052 955 1083 dies
980 1052 1107 1084 veniens

583 1097 871 1138 Flammivomoque
894 1098 1021 1139 fragore
1044 1098 1165 1138 furens,

588 1143 664 1176 Cum
690 1147 808 1177 tremor
832 1146 979 1177 horridus
1004 1146 1167 1186 ingruerit,

586 1191 743 1223 Judicium
768 1191 892 1224 miseris
917 1193 1066 1224 minitans

584 1237 629 1269 Et,
651 1247 707 1270 rea
728 1241 858 1277 pectora
882 1237 1068 1272 terrificanS.

587 1331 710 1363 Primus
735 1331 776 1363 ad
800 1332 879 1363 haec
902 1332 1041 1364 Michael
1065 1333 1189 1371 renitet,

586 1377 680 1417 Cujus
706 1377 822 1409 abhinc
846 1378 922 1410 tuba
946 1380 1038 1411 triste
1062 1382 1160 1420 canet,

582 1425 670 1456 Arva
694 1424 862 1465 polumque
885 1425 982 1457 boans
1005 1426 1134 1466 quatiet,

586 1470 631 1502 Et
654 1471 783 1503 tumulis
810 1472 929 1503 cineres
954 1472 1069 1504 salient

581 1518 766 1557 Functaque
789 1521 908 1551 somata
933 1519 1005 1551 viva
1029 1518 1114 1551 fient.

585 1611 654 1642 Rex
678 1611 764 1643 Deus
789 1611 908 1643 arbiter
931 1612 1088 1654 adveniet,

586 1657 739 1698 Stigmata
764 1667 878 1689 carnea
901 1660 976 1690 tuno
999 1658 1126 1701 referet,

587 1705 745 1736 Aethereo
771 1706 939 1737 comitante
963 1706 1057 1737 choro

585 1751 703 1783 Ordine
723 1754 830 1791 septus
857 1754 888 1783 et
911 1753 1051 1793 angelico

584 1798 776 1837 splendidus
801 1802 833 1830 et
855 1808 949 1839 grege
975 1801 1015 1832 de
1037 1800 1138 1834 niveo.

590 1891 755 1923 Terribilis
784 1901 906 1933 quoque
926 1893 1046 1932 judicio

585 1938 749 1970 Fulmineo
772 1942 944 1978 praeeunte
968 1939 1071 1981 globo,

586 1984 723 2017 Tartara
746 1994 841 2018 saeva
863 1989 958 2025 parat
979 1987 1124 2025 reprobis

585 2031 670 2063 Hinc
693 2033 724 2063 et
746 2041 876 2064 amoena
899 2034 1020 2065 virecta
1042 2034 1162 2075 probis,

584 2077 698 2110 Dulcia
721 2079 882 2117 plausibus
907 2079 1137 2119 hymniphonis.

585 2171 741 2211 Tempore
765 2181 824 2211 quo
848 2172 919 2212 pius
943 2172 1089 2206 intuitum

584 2217 704 2261 Dirige,
731 2219 898 2258 poscimus,
919 2218 1102 2260 angelicum,

588 2264 728 2305 Belliger
752 2274 770 2296 o
795 2265 943 2303 Michael,
969 2265 1095 2298 famulis

587 2310 780 2344 Subveniens
804 2313 982 2344 miserando
1007 2312 1078 2353 tuis,

588 2356 726 2390 Sidereis
751 2359 928 2398 reparando
948 2359 1048 2391 bonis.
