1651 2518
816 138 857 143 ..-
907 118 1046 153 80.-

605 216 635 246 6.
662 214 793 254 Christe,
820 214 854 243 tu
878 214 964 253 gregi
988 215 1108 246 veniam
1135 216 1279 256 concede,

661 259 812 299 Martyris
837 258 949 291 festum
977 261 1148 293 celebranti
1171 262 1273 304 laude,

662 307 785 338 Perduc
808 306 849 337 ad
873 315 1001 345 regnum
1025 307 1092 339 sine
1115 307 1177 339 fine
1195 318 1333 349 manens,

701 352 824 385 Gaudia
847 352 1010 392 praebens.

360 418 444 445 Brev.
464 426 517 444 ms.
530 417 688 445 Hlerdense
707 425 781 445 saec.
798 414 840 444 13.
863 416 930 444 Cod.
946 417 1038 453 Oapit.
1051 418 1185 445 Illerden.
1198 427 1220 446 s.
1237 428 1264 446 n.
1283 436 1317 440 —
1333 419 1360 453 4,
1374 418 1392 448 3
1407 420 1465 447 leto
1478 419 1532 446 Hs.

705 545 766 577 106.
794 544 837 575 De
859 545 965 575 sancto
985 545 1146 576 Antonino.

830 620 878 649 Ad
896 620 1021 650 Laudes.

556 699 588 730 1.
612 698 748 738 Hymnis
774 706 811 730 ac
836 700 929 729 cantu
953 699 1048 730 variis
1073 701 1105 730 te
1129 698 1261 737 pulchre

611 744 725 776 Festus
750 745 897 786 suscepit,
923 754 1012 776 sacer
1036 745 1204 784 Antonine,

612 791 739 823 Ducens
764 792 803 824 ad
829 792 932 824 aulam
957 792 1014 824 tibi
1041 793 1226 824 destinatam

656 839 699 870 Et
726 839 815 871 dedit
837 839 947 878 ipsam.

555 896 585 926 2.
612 896 743 927 Interim
767 903 841 928 vero
866 896 964 927 trahit
987 905 1006 927 a
1028 896 1140 928 Doleto

614 941 700 973 Grex
725 943 932 976 Gadurcensis
957 943 1116 982 Stephano
1140 943 1231 974 beato

614 989 712 1020 Aram
737 989 856 1029 altaris,
882 991 1025 1028 speciosa
1048 991 1140 1021 nimis

657 1035 827 1068 Marmoris
852 1036 925 1068 albi.

555 1093 584 1124 3.
612 1092 709 1130 Quam
735 1101 803 1123 curn
830 1092 971 1124 duxisset
994 1101 1094 1132 prope
1117 1101 1192 1124 suae
1211 1092 1290 1132 sedi,

609 1138 705 1170 Nullo
729 1139 838 1171 labore
862 1139 964 1178 potuit
987 1140 1114 1181 moveri,

608 1185 785 1225 Junguntur
809 1184 896 1217 ferae
922 1186 981 1217 cito
1007 1186 1101 1218 boves
1128 1186 1208 1218 duae

654 1232 803 1272 Haecque
830 1233 931 1263 tulere

553 1289 585 1320 4.
610 1288 663 1319 Ad
690 1289 814 1320 domum
836 1288 936 1330 Festi,
963 1291 1058 1328 eaput
1079 1289 1114 1320 in
1134 1297 1196 1328 qua
1218 1298 1343 1321 sacmm

609 1335 633 1367 Ο
659 1344 752 1375 quam
778 1335 889 1367 devote
913 1334 1017 1367 fuerat
1036 1339 1233 1375 susceptum3

612 1381 781 1414 Ceszamnt.
803 1382 900 1424 ipsae,
928 1383 982 1414 ubi
1005 1392 1089 1414 nunc
1112 1383 1213 1414 altare

657 1429 801 1462 Cernitur
830 1437 905 1460 esse.

553 1485 583 1516 5.
609 1485 648 1516 In
672 1494 731 1524 quo
757 1488 821 1517 tam
845 1493 966 1516 sacrum
993 1486 1161 1526 requiescit
1183 1487 1306 1527 pignus,

612 1531 683 1562 Illic
707 1532 820 1564 adorat
843 1533 976 1571 populus
1002 1535 1034 1564 et
1059 1534 1170 1573 cleruS,

613 1578 694 1609 Vota
717 1580 884 1610 multorum
909 1580 1048 1619 sequitur
1073 1579 1199 1611 effectus

656 1626 752 1657 Haud
776 1627 996 1660 numerandus

559 1682 588 1714 6.
616 1681 749 1721 Christe,
778 1684 812 1712 tu
837 1682 921 1721 gregi
949 1683 1070 1714 veniam
1096 1683 1241 1725 concede,

609 1728 763 1767 Martyris
788 1726 900 1761 festum
927 1730 1099 1761 celebranti
1122 1730 1226 1771 laude,

608 1775 733 1807 Perduc
757 1775 798 1807 ad
823 1784 952 1816 regnum
976 1777 1043 1808 sine
1066 1777 1129 1809 fine
1151 1786 1291 1817 manens,

655 1821 777 1855 Gaudia
800 1823 964 1861 praebens.

357 1884 693 1913 Brev.1ns.Illerdense
712 1895 785 1914 saec.
809 1884 851 1914 13.
869 1886 907 1914 Co
911 1888 937 1914 d.
955 1887 1047 1924 Capit.
1061 1888 1195 1916 Ille1den.
1217 1898 1239 1916 s.
1260 1899 1288 1916 n.
1308 1904 1345 1908 —
1365 1888 1391 1924 3,
1414 1889 1429 1917 1
1450 1889 1572 1917 dixisset

285 1921 338 1948 Hs.
362 1936 393 1940 -
416 1920 479 1956 5,1
500 1923 601 1957 pienus
615 1923 668 1951 Hs.
681 1940 718 1944 —
737 1923 764 1958 5,
783 1922 873 1952 4Aut
888 1926 1080 1954 numerandus
1092 1927 1146 1953 Hs.
1167 1941 1202 1945 —
1220 1926 1245 1960 6,
1267 1925 1281 1954 1
1296 1928 1364 1963 Ipse
1376 1930 1408 1955 tu
1420 1929 1503 1964 gregi
1514 1928 1569 1955 Hs.

707 2051 767 2083 107.
794 2051 836 2083 De
855 2053 959 2083 sancto
978 2052 1137 2084 Antonino.

811 2128 858 2157 Ad
878 2128 1032 2165 Vesperas.

283 2203 313 2235 1.
339 2203 468 2234 Festum
495 2204 630 2236 colentes
655 2205 749 2237 hodie
954 2207 984 2237 2.
1011 2206 1106 2245 Cujus
1131 2215 1254 2239 sacrum
1277 2210 1462 2248 martyrium

340 2249 449 2289 Tuum,
473 2253 593 2290 martyr
619 2252 750 2292 egregie,
1009 2252 1149 2284 Devietis
1173 2254 1282 2291 poenis
1307 2254 1441 2288 hostium

341 2297 506 2335 Antonine,
532 2297 699 2330 virtutibus
1010 2299 1219 2339 Triumphans
1243 2300 1304 2331 'Dei
1327 2300 1411 2334 fflius

341 2341 485 2374 Defende
507 2352 563 2374 nos
586 2344 625 2375 ab
650 2345 801 2377 hostibus.
1010 2346 1100 2378 Fecit
1124 2348 1244 2377 tortore
1268 2346 1390 2381 fortius.
