1651 2518
719 103 975 138 -183—

596 196 648 230 11.
674 199 942 239 Recompensaius
967 199 1080 241 animo,

677 246 766 284 Quod
791 245 912 278 fructus
933 246 1017 285 ⁴iusto
1044 247 1165 278 calculo

679 292 747 324 Sibi
771 293 936 325 solvuntur
960 301 1073 332 annuo,

674 339 849 371 Provectae
871 340 981 371 messis
1008 341 1129 372 cumulo

676 386 743 418 Dat
768 389 880 418 cuncta
904 386 961 418 sub
987 386 1118 419 arbitrio

676 433 785 466 Fideli
808 433 870 465 Dei
894 433 1020 466 famulo.

273 507 346 533 Vita
364 515 416 533 ms.
438 507 467 534 S.
481 507 588 534 Isidori
608 509 682 534 auct.
696 507 716 535 J
718 507 831 535 ohanne
846 508 978 534 Diaeono
999 515 1073 534 saec.
1089 506 1133 535 13.
1156 507 1223 535 Cod.
1239 507 1332 543 Capit.
1345 507 1492 534 Matriten.

200 553 222 571 5.
242 552 271 570 n.
291 560 329 564 —
351 542 377 577 2,
400 543 417 572 5
438 553 480 581 sq.
500 545 569 572 lies:
585 545 779 581 Prolongatur
799 545 932 572 cubiculo
952 545 1074 580 virginis
1095 547 1172 572 intra
1185 546 1278 572 atria?
1294 560 1328 564 —
1345 543 1370 579 5,
1391 542 1408 572 3
1423 544 1494 570 tala-

199 584 284 615 trum,
306 582 443 617 spanisch
461 583 583 610 taladro.
603 597 641 601 —-
662 581 705 616 10,
725 581 745 610 4
764 584 813 618 qui
834 591 865 610 se
882 583 1026 617 junxerat.
1047 597 1083 602 -—
1105 581 1147 616 10,
1168 581 1185 610 G
1206 583 1256 610 sed
1278 583 1312 610 ab
1327 584 1444 609 essm-at.

541 710 601 742 316.
640 711 683 741 De
703 711 809 742 sancto
827 710 946 741 Isidoro
966 709 1150 742 Matritensi.

757 785 890 823 Hymnus
911 785 937 814 2.

207 865 236 898 1.
264 864 338 903 Quis
363 864 446 895 sicut
469 866 576 895 noster
597 863 750 896 Dominus

261 911 385 951 Pugillo
410 913 520 943 tenens
545 911 658 949 omnia,

262 958 357 997 Cujus
380 958 488 997 jacent
512 958 569 989 sub
595 958 729 997 pedibus

261 1004 401 1045 Coelum,
427 1005 520 1036 tellus
546 1007 578 1036 et
601 1005 710 1044 maria.

261 1052 359 1083 Immo
385 1051 413 1083 ei
439 1052 583 1091 superius

260 1099 333 1130 Sola
359 1099 487 1138 placent
509 1099 649 1132 humilia.

200 1175 231 1206 2.
256 1175 326 1206 Rex
351 1183 483 1214 magnus
510 1176 542 1205 et
563 1173 745 1212 laudabilis,

256 1221 443 1253 Dominator
466 1221 500 1252 in
526 1221 678 1260 omnibus,

256 1268 327 1300 Rex
351 1271 473 1310 potens,
499 1267 667 1299 ineffabilis

258 1315 418 1347 Virtutum
443 1316 476 1347 in
502 1315 660 1354 operibus,

255 1361 403 1394 Salvator
427 1361 625 1393 admirabilis

254 1409 494 1448 Redemptionis
518 1408 655 1439 milibus.

199 1487 229 1518 3.
257 1485 368 1516 Plures
392 1493 451 1524 per
480 1485 587 1516 orbem
612 1484 724 1516 statuit

254 1532 357 1572 Reges
383 1534 489 1563 terrae
512 1540 550 1563 ac
572 1531 744 1570 principes,

253 1578 402 1611 Justitiae
431 1587 508 1618 quos
532 1578 633 1610 voluit

254 1626 369 1658 Omnes
396 1634 464 1656 esse
488 1625 672 1665 participes,

253 1673 408 1704 Exaltare
431 1681 493 1704 non
518 1672 624 1703 renuit

254 1720 344 1752 Inter
368 1728 444 1759 quos
467 1720 553 1759 justo
577 1719 697 1758 inopes.

878 865 909 896 4.
936 863 1086 895 Testatur
1109 864 1195 896 idem
1218 864 1312 895 lectio

935 910 1019 941 Vera
1042 911 1133 943 Pauli
1163 910 1308 952 apostoli,

931 957 1020 996 Quod
1047 957 1153 989 divina
1177 957 1287 989 electio

935 1004 988 1035 Sic
1014 1006 1115 1036 mutat
1138 1005 1245 1036 sedem
1269 1004 1396 1045 saeculi,

933 1050 1103 1083 Zacharias
1127 1052 1161 1083 in
1185 1051 1263 1082 solio

936 1097 1054 1129 Scribit
1078 1107 1205 1138 egenum
1231 1097 1349 1137 populi.

901 1198 907 1203 .
934 1172 1003 1205 Jam
1030 1174 1146 1205 nostris
1170 1175 1259 1212 patet
1283 1172 1391 1212 oculis=

933 1219 1022 1258 Quod
1052 1220 1160 1251 divina
1183 1220 1322 1259 dign-atio

933 1267 1089 1305 Operatur
1117 1267 1150 1298 in
1175 1267 1308 1298 saeculis

932 1313 996 1345 Sub
1026 1316 1148 1345 secreto
1170 1314 1301 1355 judicio,

931 1360 1120 1392 Declaratur
1143 1361 1177 1392 in
1201 1360 1328 1400 populis

930 1406 1015 1438 Justi
1039 1407 1132 1447 hujus
1157 1407 1286 1439 indicio.

900 1509 907 1516 .
933 1482 980 1514 Te
1005 1482 1096 1514 decet
1119 1483 1228 1520 honor,
1255 1482 1398 1523 Domine,

932 1529 990 1568 Qui
1019 1529 1074 1561 das
1098 1530 1247 1561 honorem
1272 1529 1425 1569 parvulis,

927 1576 966 1608 In
991 1576 1094 1608 vultus
1120 1577 1166 1608 tui
1189 1576 1307 1608 lumine

930 1624 1012 1662 Quos
1037 1623 1126 1664 eligis
1152 1632 1191 1655 ex
1214 1623 1351 1663 populis,

932 1670 989 1709 Qui
1014 1678 1047 1701 es
1072 1673 1200 1702 aeterno
1224 1670 1352 1702 numine

928 1717 1033 1750 Judex
1055 1717 1159 1756 justus
1179 1718 1212 1749 in
1237 1717 1385 1749 saeculis.

280 1795 351 1821 Vita
374 1803 427 1821 ms.
456 1793 486 1820 S.
506 1793 613 1821 Isidori
638 1794 712 1820 auct.
735 1792 869 1820 Johanne
892 1792 1025 1819 Diacono
1054 1798 1128 1819 saec.
1151 1789 1194 1819 13.
1222 1791 1291 1819 Cot]-
1313 1791 1406 1827 Capit.
1426 1792 1488 1819 Ma-

193 1835 291 1861 triten.
312 1842 333 1860 s.
354 1842 383 1860 n.

537 1961 596 1992 317.
637 1961 680 1992 De
699 1961 805 1992 sancto
824 1959 941 1991 Isidoro
961 1957 1144 1991 matritensi.

752 2037 884 2075 Hymnus
905 2036 932 2066 3.

190 2123 221 2154 1.
249 2123 321 2156 Jam
346 2130 428 2162 pura
452 2119 598 2160 fragrant
618 2118 761 2150 balsama

248 2171 286 2203 In
311 2170 384 2202 aula
410 2170 520 2200 sancta
545 2166 684 2205 Domini,

248 2218 310 2250 Dei
336 2218 453 2249 virtute
476 2215 621 2256 proxima

250 2266 353 2306 Digna
378 2263 508 2296 coelesti
532 2262 660 2303 agmini,

246 2313 370 2345 Tumba
391 2312 468 2352 J'usti
494 2310 683 2351 gratissima,

247 2361 362 2394 Odoris
391 2360 487 2400 plena
512 2357 638 2398 gemini.

869 2118 900 2148 2.
926 2115 1039 2148 Manat
1062 2116 1142 2148 odor
1167 2123 1205 2146 ex
1231 2123 1373 2156 corpore,

927 2163 1016 2202 Quod
1041 2170 1099 2203 per
1124 2171 1221 2195 annos
1248 2162 1374 2194 delituit

927 2211 1038 2243 Plures
1063 2211 1169 2242 terrae
1194 2209 1251 2241 sub
1278 2218 1392 2250 aggere

926 2258 995 2289 Nee
1019 2260 1123 2290 tamen
1148 2257 1224 2298 quid
1250 2258 1453 2298 computruit,

926 2306 1020 2338 Unde
1046 2305 1101 2338 dat
1124 2305 1205 2338 fidos
1232 2305 1372 2345 credere,

928 2353 1017 2392 Quod
1043 2354 1193 2386 sanctitas
1217 2362 1280 2385 non
1307 2351 1415 2385 defuit.
