1651 2518
745 112 979 148 —57-

240 232 247 239 .
274 207 363 239 Haec
389 206 475 246 virgo
501 206 702 247 venerabilis,
890 210 920 241 5.
945 208 1009 240 Hic
1033 209 1183 248 templum
1209 209 1470 240 solemnissimum

273 253 367 286 Prole
391 251 527 285 fecunda.
552 253 659 291 nobili.
947 255 1075 287 Fundat
1098 264 1182 295 papa
1205 255 1361 291 Liberius,

272 300 390 332 Locum
416 300 510 339 elegit
533 301 675 333 inclitum
948 303 1031 342 Opes
1058 303 1219 342 dispensat
1242 303 1360 341 largius

271 347 333 379 Suo
359 348 546 379 sacrandum
571 348 699 382 nomini.
947 350 1146 389 Joannesque
1171 350 1353 381 Pratricius.

237 437 244 444 .
271 413 367 452 Quem
392 417 519 452 praeter
542 423 661 446 morem
686 415 811 446 solitum
890 416 920 448 7.
948 414 1014 447 Nos
1037 417 1106 447 tuos
1132 415 1219 447 salva
1244 414 1386 458 famulos,

269 460 390 492 Mensis
415 461 549 501 Augusti
571 464 714 500 tempore
947 462 1081 501 Christe,
1105 464 1198 494 natus
1224 463 1264 494 <le
1287 463 1418 503 virgine,

271 507 394 539 Pressis
418 508 493 539 solis
518 508 685 540 ardoribus
946 509 1004 548 Qui
1028 509 1081 548 pie
1105 509 1188 541 festa
1213 509 1341 540 colimus

271 554 385 586 Totum
409 555 542 594 replevit
567 555 701 587 nivibus.
947 555 1034 587 Tuae
1057 556 1166 588 matris
1192 556 1418 587 sanctissimae.

238 646 244 652 .
270 620 308 651 In
335 619 453 651 visione
479 620 586 652 docuit
891 621 921 653 8.
948 620 1058 653 Gloria
1081 621 1149 664 tibi,
1175 622 1320 661 Domine,

270 666 365 705 Tanti
391 675 514 698 causam
538 668 691 708 mysterii.
947 668 1005 706 Qui
1029 671 1120 700 natus
1147 677 1179 699 es
1206 668 1245 700 de
1271 669 1399 709 virgine,

271 712 424 745 Solemnis
449 714 622 746 habitaculi
947 714 1020 746 Cum
1047 718 1139 755 patre
1163 718 1193 746 et
1218 719 1326 747 sancto
1352 715 1467 755 spiritu

269 759 409 799 Benigne
432 761 574 799 pandens
598 761 750 793 ordinem.
946 763 982 793 ln
1007 763 1198 802 sempiterna
1222 763 1356 795 saecula.

290 825 375 852 Brev.
397 824 650 860 Calagurritanum
672 827 701 852 et
721 825 905 854 Calciatense
924 826 992 861 imp.
1013 827 1153 854 Lucrom'i
1175 824 1256 854 1343.

618 953 662 984 66.
701 954 743 985 De
763 954 794 984 B.
814 954 913 985 Maria
934 954 972 985 ad
992 954 1092 986 Nives.

760 1030 807 1059 Ad
827 1029 953 1060 Laudes.

238 1133 244 1140 .
271 1109 348 1141 Jesu
371 1110 481 1148 mater,
508 1108 606 1148 virga,
890 1109 920 1140 5.
947 1108 1071 1140 Novum
1096 1107 1203 1140 condit
1226 1109 1377 1147 templum

271 1155 374 1193 Stirps
399 1155 490 1187 Jesse
513 1153 637 1193 florida,
947 1155 1038 1195 Fide,
1064 1157 1168 1186 mente
1191 1164 1301 1194 purus,

270 1202 392 1241 Sponsa
416 1201 475 1232 Dei
502 1201 605 1241 digna,
945 1201 1029 1233 Miro
1055 1202 1147 1234 modo
1172 1202 1275 1233 locum

270 1248 374 1287 Salve,
400 1249 484 1279 salus
509 1251 626 1280 nostra.
946 1249 1070 1288 Templi
1096 1250 1327 1281 demonstrasti.

236 1340 243 1347 .
272 1314 343 1353 Ore,
370 1314 475 1353 corde,
502 1323 581 1346 voce
890 1315 920 1346 6.
944 1314 1042 1346 Nives
1068 1317 1196 1354 praeter
1220 1323 1338 1346 morem

272 1361 410 1394 Cunctae
435 1364 598 1392 creaturae
945 1361 1087 1393 Montem
1110 1361 1329 1402 impleverunt,

270 1408 419 1440 Promant
442 1417 566 1448 semper
590 1408 739 1446 hymnum
945 1408 1070 1439 Turbae
1094 1411 1231 1448 stupent,
1258 1417 1351 1440 voces

269 1455 355 1487 Tuae
379 1455 551 1488 sanctitati.
945 1455 1061 1486 Dulces
1087 1455 1274 1487 extulerunt.

236 1546 242 1551 .
265 1521 376 1553 Honor
400 1521 500 1552 nostri
526 1522 625 1553 cultus
887 1523 919 1552 7.
945 1521 989 1553 Et
1011 1522 1053 1553 ad
1077 1521 1203 1554 laudem
1227 1524 1323 1560 tuam,

272 1569 357 1600 Vera
380 1576 514 1608 spesque
538 1571 655 1607 nostra,
947 1568 1063 1600 Sancta
1086 1571 1187 1600 mater
1213 1568 1338 1608 Christi,

271 1616 395 1647 Pietate
418 1616 522 1655 plena,
948 1614 1079 1647 Gratum
1105 1614 1216 1647 fundat
1241 1616 1392 1655 templum

270 1660 457 1693 Praeelecta
479 1665 588 1693 mater.
946 1662 1091 1694 Liberius
1115 1671 1208 1702 papa.

238 1754 245 1760 .
271 1728 383 1759 Almae
407 1728 532 1766 quidem
556 1727 644 1759 urbis
890 1729 920 1760 8.
947 1727 1049 1767 Salus,
1075 1729 1185 1767 virtus,
1211 1728 1305 1759 decus

271 1775 373 1815 Digne
399 1783 504 1806 curam
528 1782 638 1814 gerens
944 1774 1069 1806 Summo
1093 1775 1160 1807 Deo
1185 1776 1280 1816 patri,

271 1822 385 1854 Votum
410 1823 505 1864 vovit,
533 1822 630 1862 virgo,
946 1822 1004 1860 Qui
1028 1822 1060 1853 in
1085 1830 1158 1853 arce
1181 1822 1247 1861 poli

271 1869 358 1901 Tuae
382 1869 503 1908 pietati.
947 1868 1008 1899 Per
1032 1870 1158 1900 saecula
1182 1872 1304 1909 regnat.

286 1935 370 1962 Brev.
393 1933 645 1969 Calagum-itanum
670 1935 698 1960 et
720 1932 900 1961 Calciatense
920 1934 988 1969 imp.
1011 1934 1147 1962 Luci-onii
1169 1932 1250 1962 1543.

642 2064 686 2094 67.
725 2063 760 2095 In
778 2062 983 2095 Descensione
1004 2063 1092 2094 BMV.

747 2141 796 2171 Ad
817 2142 970 2179 Vesperas.

437 2222 465 2255 1.
495 2222 519 2255 Ο
545 2221 606 2254 Dei
630 2221 791 2262 templum,
818 2220 953 2261 genitrix
978 2221 1115 2261 superni,

492 2270 656 2311 virginum
682 2269 770 2309 virgo
795 2268 961 2301 benedicta
987 2277 1120 2312 semper,

492 2318 622 2350 Plenior
647 2317 766 2349 cunctis
791 2316 913 2357 superis
938 2316 1082 2355 polorum

540 2367 721 2405 Pneumate,
747 2365 843 2398 salve.
