1651 2518
712 94 874 128 -268
927 113 966 118 ——

200 193 229 223 3.
259 190 394 222 Primum
419 191 510 228 pater
536 190 754 221 monachorum
873 189 904 220 5.
929 187 1080 219 Fructum
1105 187 1188 218 vitae
1212 186 1394 218 seminando

305 234 366 268 fuit
387 236 419 266 in
444 236 549 273 Italia,
980 236 1147 273 congregat.
1173 233 1352 273 discipulos,

259 282 345 314 Eine
367 290 474 314 amore
497 281 623 313 fervens
646 281 708 313 Dei
934 280 1016 318 Quos
1038 280 1180 318 justitiae
1203 280 1261 311 sub
1285 288 1397 311 norma

306 329 472 368 praedicat
494 329 527 360 in
554 328 667 366 Gallia,
977 325 1053 357 fecit
1077 334 1146 358 esse
1167 326 1292 367 liberos,

262 376 400 407 Tandem
427 375 493 414 eJus
518 375 602 406 vitae
625 376 724 405 metas
933 373 1042 405 Donec
1066 381 1167 404 secum
1194 381 1253 412 per
1276 373 1423 403 virtutem

310 422 413 454 tenuit
438 421 551 454 Iberia.
982 418 1094 451 evehat
1117 420 1160 451 ad
1182 428 1323 459 superos.

203 508 236 539 4.
260 506 423 538 Montibus
448 504 505 536 sub
530 504 690 536 Pirenaeis
879 506 910 537 6.
936 503 1029 535 Nunc
1049 511 1225 543 precamur,
1251 505 1360 535 sancte
1380 503 1451 541 Dei,

305 552 391 584 locus
417 551 543 591 quidam
563 551 694 590 positus,
981 552 1067 581 tuum
1092 552 1128 582 ut
1150 559 1208 589 per
1231 550 1376 582 meritum

259 600 312 630 Ad
336 599 505 630 australem
529 598 654 638 plagam
677 605 785 628 versus
937 596 1105 628 sublimari
1129 605 1304 629 mereamur

311 645 421 677 <luctus
447 646 496 676 est.
518 644 560 676 ad
585 644 700 683 sanim,
982 644 1023 675 ad
1050 644 1127 675 coeli
1153 644 1316 685 palatium,

262 693 324 723 Hic
347 693 397 724 vir
422 691 482 723 Dei
508 694 708 723 conversatus
935 691 1000 730 Quo
1025 691 1163 730 gaudere
1185 691 1344 722 valeamus

306 739 396 771 annis
421 740 469 769 est
495 737 715 777 compluribus
983 740 1085 769 tecum
1110 737 1142 768 in
1166 740 1363 777 perpetuum.

569 815 598 845 7.
625 812 674 844 Sit
697 812 796 844 honor
819 813 903 852 patri
927 814 1071 854 natoque,

669 860 739 891 laus
763 867 832 890 cum
855 861 963 890 saneto
986 857 1122 899 flamine,

626 906 684 944 Qui
706 906 792 937 Deus
817 906 916 937 trinus
942 909 973 937 et
995 915 1074 938 unus

671 955 781 992 regnat
805 953 872 984 sine
895 954 1046 993 tempore,

628 999 697 1031 Suis
722 1000 820 1031 servis
846 998 1035 1031 conferendo

670 1054 799 1085 regnum
823 1054 947 1085 semper
970 1046 1097 1085 gloriae.

280 1122 363 1148 BreV.
384 1128 436 1147 ms,
456 1119 614 1147 Illordense
633 1126 707 1147 saec.
731 1117 773 1146 15.
789 1118 857 1146 Cod.
873 1118 967 1154 Capit.
981 1119 1115 1146 Illerden.
1136 1127 1158 1146 s.
1178 1128 1205 1146 n.
1226 1134 1263 1139 —
1281 1117 1308 1152 4,
1331 1117 1348 1146 6
1368 1121 1412 1146 est
1431 1126 1495 1145 cum

203 1159 336 1193 pluribus
356 1158 408 1185 Hs.

612 1302 678 1333 470.
717 1303 760 1333 De
782 1303 887 1333 saneto
906 1301 1095 1333 victoriano.

720 1386 767 1417 Ad
785 1387 973 1417 Nocturnum.

218 1477 248 1509 1.
274 1475 402 1508 Festivo
424 1475 558 1514 plaudat
580 1483 708 1506 munere
880 1477 910 1507 5.
938 1474 1010 1513 Sed,
1037 1484 1054 1506 o
1079 1473 1155 1505 felix
1179 1474 1343 1516 Hesperia,

270 1523 445 1555 Cone-entus
470 1521 586 1553 Christi
610 1522 744 1562 mystice
937 1521 1074 1553 Felicior
1099 1522 1227 1558 Asania,

266 1569 367 1610 HuJus
394 1569 455 1601 diei
482 1568 587 1600 debite
939 1567 1039 1600 Gleba
1064 1568 1144 1599 tanti
1170 1567 1354 1607 dignissima

268 1616 467 1648 Celebritatis
492 1615 619 1655 gloriae.
939 1615 1037 1646 Potiri
1062 1622 1140 1654 quae
1164 1615 1207 1646 sis
1231 1614 1353 1647 merita.

211 1703 240 1733 2.
267 1700 349 1732 Nam
373 1700 424 1732 hic
447 1708 535 1731 sacer
560 1698 721 1738 perlurida
882 1700 912 1733 6.
940 1699 1100 1739 Condigna
1123 1698 1184 1731 Dei
1207 1700 1299 1730 xenio

268 1747 395 1779 Galeam
419 1747 515 1778 saecli
540 1746 685 1778 maehina
938 1746 1155 1785 ”tripudiantis
1179 1746 1292 1787 gaudio

267 1795 305 1825 In
328 1793 388 1826 hac
413 1793 464 1824 die
487 1793 657 1832 praecipua
939 1793 1032 1825 Nunc
1054 1793 1168 1833 plectri
1194 1793 1294 1826 dulcis
1318 1801 1452 1824 consono

269 1840 354 1872 Coeli
380 1840 560 1872 conscendit
584 1840 722 1872 aethera.
937 1840 1066 1871 Festum
1091 1841 1221 1872 sustolle
1241 1839 1352 1879 jubilo.

214 1927 244 1958 3.
272 1925 328 1963 Qui
356 1925 476 1963 virgula
499 1923 641 1956 florifera
883 1927 911 1957 7.
941 1925 1000 1964 Qui
1025 1925 1073 1957 sui
1096 1923 1204 1956 florem
1228 1925 1362 1956 nominis

269 1971 332 2003 Sed
359 1980 427 2003 cum
451 1970 529 2002 fiore
552 1969 715 2002 fructifera
940 1972 1007 2011 Ope
1029 1972 1136 2003 beavit
1158 1971 1272 2011 operis,

269 2018 428 2050 Processit.
452 2027 489 2049 ex
513 2018 608 2049 Italia
941 2019 1091 2058 chelydri
1117 2024 1208 2057 caput
1233 2018 1335 2049 zabuli

270 2064 367 2096 Sacra
389 2073 567 2104 propagans
591 2064 719 2096 semina.
937 2065 1051 2097 Divino
1074 2064 1210 2096 subdens
1235 2064 1366 2103 cuspidi.

212 2152 243 2182 4.
270 2149 364 2188 Cujus
387 2158 448 2181 non
475 2157 586 2188 expers
613 2148 726 2188 Gallia,
884 2151 914 2183 8.
941 2150 1010 2181 Hoc
1034 2158 1105 2181 nam
1131 2148 1250 2181 victore
1272 2148 1373 2180 victus
1399 2152 1456 2190 est,

272 2196 374 2227 l'olita
396 2204 507 2237 gerens
532 2196 650 2234 intima,
944 2195 1001 2234 Qui
1026 2195 1214 2235 protoplasti
1238 2195 1339 2227 victor
1363 2199 1420 2237 est,

270 2243 397 2274 Mollita
421 2243 493 2275 divo
518 2251 613 2274 saxea
941 2242 1160 2282 victoriaeque
1185 2242 1343 2281 particeps

272 2290 383 2322 Cordis
409 2293 534 2321 nectare
557 2292 695 2329 pectora.
945 2289 1137 2320 Victorianus
1164 2289 1265 2320 <lictus
1291 2292 1348 2323 est..
