1651 2518
683 110 940 145 -131-

529 220 598 252 204.
637 220 673 252 In
694 220 908 253 Translatione
929 229 952 252 s.
972 220 1090 253 Felicis.

715 298 763 327 Ad
783 297 909 328 Laudes.

191 401 198 407 .
224 375 262 406 In
286 374 412 406 laudem
436 375 548 407 summi
571 375 725 415 principis
841 377 872 410 3.
898 376 1097 408 Proximatur
1121 376 1272 416 discipulo

226 422 395 455 Cantemus
419 425 528 454 sancto
549 422 652 454 Felici
898 423 1074 455 Aemiliano
1100 423 1230 463 cucullo,

223 468 368 502 Jucunda
393 469 478 501 vocis
500 470 639 501 carmina
898 472 1034 510 Quorum
1058 473 1166 502 sancta
1189 469 1336 510 suffragia

225 515 286 547 Pro
313 517 379 555 ejus
404 525 524 547 summa
548 516 656 558 gloria.
901 517 1089 550 Corruscant
1113 517 1145 550 in
1170 517 1333 556 Hispania.

193 616 199 624 .
227 590 319 622 Felix
343 591 376 622 in
400 601 479 631 rupe
503 592 665 633 terminus,
842 593 872 625 4.
899 592 1007 624 Sancti
1031 592 1090 624 viri
1114 593 1293 632 precamine

225 638 262 669 In
286 647 347 677 quo
371 638 517 677 permisit
539 639 690 671 Dominus
899 638 1010 671 Noctis
1033 640 1137 671 medio
1160 641 1302 679 tempore

225 684 314 716 Sacri
339 685 387 716 sui
413 685 600 718 confessoris
897 686 1090 718 Adolescens
1113 687 1274 727 liberatur,

222 731 349 764 Laudes
374 732 578 771 resplendere
603 733 676 766 om'S.
896 732 987 765 Salus
1011 734 1114 772 prima
1138 736 1343 767 restauratur.

572 790 602 821 5.
627 789 691 821 Per
715 789 782 828 ejus
805 798 897 821 saera
916 790 1038 823 merita.

236 850 357 888 Espafia
375 853 500 889 sagrada
518 853 657 887 XXXIII,
675 851 733 882 464
752 862 788 881 ex
806 854 890 882 Brev.
909 853 938 881 S.
959 854 1116 883 Aemiliani
1134 854 1287 884 cucullati.

578 991 645 1023 205.
683 991 726 1022 De
746 991 850 1023 sancto
870 991 1034 1023 Formerio.

714 1067 749 1096 In
769 1067 792 1097 1.
816 1067 902 1105 Vesp.

187 1170 193 1175 .
220 1145 420 1185 Hymnum
437 1154 513 1177 nov
525 1155 571 1177 ae
585 1145 785 1177 laetitiae
843 1148 874 1179 3.
896 1146 925 1177 D
937 1145 1072 1178 octrin
1082 1155 1140 1177 am
1164 1146 1455 1186 evangelicam

219 1191 313 1224 Dulci
334 1193 520 1232 productum
546 1193 667 1224 cantico
899 1193 1056 1233 Spargens
1080 1201 1139 1234 per
1160 1193 1245 1225 orbis
1272 1193 1440 1235 cardinem,

217 1238 334 1270 Noster
357 1239 480 1271 intonet
502 1238 597 1272 hodie
898 1241 1022 1272 Pestem
1047 1239 1136 1279 fugat
1159 1239 1337 1279 gentilicam

221 1285 340 1318 Chorus
363 1289 470 1318 sancto
496 1286 670 1319 Formerio.
895 1287 1020 1319 Novum
1043 1287 1220 1326 producens
1245 1287 1399 1320 ordinem.

184 1386 191 1393 .
217 1361 425 1401 Vergente
441 1361 582 1393 mundi
596 1370 779 1401 vespere
836 1364 868 1395 4.
889 1362 967 1393 Hic
984 1364 1047 1393 est
1064 1361 1158 1393 fons
1173 1362 1252 1393 ille
1269 1363 1455 1395 modicus

219 1408 342 1440 Novum
367 1408 453 1440 sidus
480 1408 611 1449 erigitur
893 1408 1042 1441 Crescens
1074 1409 1107 1440 in
1132 1407 1245 1440 flumen
1270 1410 1383 1441 maxim
1389 1419 1450 1450 um,

220 1455 263 1487 Et
289 1455 393 1487 clauso
419 1456 531 1495 culpae
555 1464 681 1487 carcere
894 1455 952 1494 Qui
976 1456 1091 1488 mundo
1113 1456 1179 1495 jam
1204 1455 1354 1488 mirificus

219 1502 339 1534 Praeco
364 1502 473 1534 salutis
498 1502 642 1535 mittitur.
893 1504 1005 1536 Potum
1029 1503 1163 1543 largitur
1187 1503 1350 1543 optimum.

526 1570 556 1602 5.
583 1568 710 1600 Trino
734 1568 817 1600 Deo
843 1571 882 1600 et
906 1568 1096 1608 simplici

582 1615 678 1657 Lam,
704 1616 812 1655 honor,
839 1616 938 1648 virtus
965 1616 1076 1656 gloria,

582 1662 642 1701 Qui
665 1672 722 1694 nos
746 1671 842 1702 prece
860 1662 1017 1694 Formerii

581 1709 685 1741 Ducat
706 1709 748 1742 ad
774 1710 853 1742 coeli
876 1710 1000 1750 gaudia.

232 1774 375 1809 Tamayo,
406 1774 556 1809 Martyrol.
584 1774 706 1809 Hispan.
734 1774 774 1808 V,
805 1772 860 1802 319
888 1774 962 1802 ohne
987 1774 1109 1810 Angabe
1134 1775 1184 1803 der
1214 1775 1323 1809 Quelle.
1370 1776 1453 1804 Nach

157 1814 259 1840 seinen
284 1812 497 1848 Andeumngon
523 1812 636 1840 schcint
659 1821 689 1839 er
716 1813 763 1840 ein
786 1820 891 1848 ganzes
919 1812 1132 1840 Reimoffieium
1159 1814 1209 1840 auf
1231 1813 1396 1841 Formerius
1422 1815 1454 1842 in

155 1850 279 1877 flanden
303 1850 412 1885 gehabt
439 1859 475 1877 zu
499 1850 602 1878 haben.
645 1850 702 1878 Die
729 1853 824 1878 ersten
848 1850 949 1877 Zeilen
968 1850 1051 1885 jeder
1077 1850 1202 1887 Strophe
1227 1850 1292 1878 sind
1321 1859 1372 1879 aus
1398 1852 1453 1880 den

156 1887 401 1924 entsprechenden
428 1887 572 1924 Strophen
597 1888 646 1916 des
672 1888 980 1916 Dominicus-Liedes
1005 1887 1137 1925 gleichen
1161 1889 1290 1925 Anfangs
1317 1889 1453 1918 heriiber-

153 1934 331 1962 genonimen.
371 1926 437 1962 VgI.
456 1926 545 1954 Mona
563 1926 618 1961 ΠΙ,
640 1924 702 1953 269.

574 2065 640 2096 206.
679 2065 724 2097 De
744 2066 851 2097 sancto
868 2064 1033 2097 Formerio.

706 2141 755 2172 Ad
773 2141 899 2172 Laudes.

154 2222 183 2255 1.
211 2222 331 2256 Chorus
356 2221 460 2255 fidelis
484 2222 573 2254 van'a
831 2222 861 2253 2.
889 2220 983 2253 Ortus
1008 2221 1041 2252 in
1067 2221 1269 2262 Cappadocia

216 2269 339 2303 Psallat
360 2269 429 2303 Deo
453 2270 599 2309 melodia,
889 2268 957 2300 Deo
982 2268 1103 2301 servire
1125 2269 1254 2310 studuit,

215 2316 313 2349 Gesta
336 2317 493 2350 Formerii
515 2317 626 2350 inclita
886 2315 932 2348 Et
953 2315 987 2348 in
1012 2316 1109 2349 eremi
1132 2317 1220 2350 curia

211 2365 320 2397 Laude
347 2365 532 2404 depromens
559 2364 675 2397 debita.
888 2363 978 2396 Tunc
1001 2365 1167 2397 sanctitate
1191 2364 1304 2399 floruit.

1241 2418 1282 2450 9..
