1651 2518
776 99 1028 131 -272—

259 195 288 224 7.
315 190 482 222 Ulisibona
509 191 629 228 civitas,
933 192 963 221 8.
991 189 1144 219 Laetatur
1165 196 1248 219 nunc
1271 185 1429 226 Hispania

315 236 361 265 Te
386 244 507 266 summa
531 235 648 266 Christi
672 236 777 273 pietas
991 234 1055 264 Pro
1079 233 1159 263 civis
1182 233 1231 264 sui
1255 233 1366 273 gloria,

315 280 432 319 Magno
458 280 572 311 ditavit
596 279 735 321 foenore,
995 278 1092 314 Quem
1117 277 1258 308 Christus
1282 286 1341 315 pro
1365 274 1518 315 martyrio

316 325 470 362 Martyris
495 325 543 356 sui
568 333 710 363 corpore.
996 322 1129 353 Locavit
1154 323 1232 352 coeli
1256 323 1345 354 solio.

334 396 417 422 Brev.
440 395 694 430 Calagurritanum
720 396 750 422 et
769 393 950 421 Calciatense
975 395 1043 428 imp.
1064 393 1203 420 Lucrouii
1233 390 1314 420 1543.
1335 407 1370 411 ——
1390 391 1421 424 4,
1442 391 1461 418 4
1488 392 1557 419 lies:

258 432 425 466 Emigravit
445 440 460 458 e
480 432 618 459 saeculo?
640 445 675 450 —
696 431 723 465 7,
747 429 761 457 1
783 430 945 458 Elisibona.

682 565 747 596 476.
787 563 831 595 De
851 565 958 595 sancto
977 563 1148 596 Vincentio.

817 639 864 669 Ad
884 639 1009 670 Laudes.

265 720 294 751 1.
323 718 399 750 Post
424 718 513 750 ducis
539 717 588 749 ira
613 717 738 750 fervida
944 721 975 752 3.
1001 718 1142 751 Devictis
1168 719 1366 751 carnificibus

323 765 454 797 Levitae
478 765 622 797 membra
646 765 816 805 splendida
1003 765 1189 798 Stramentis
1211 766 1404 798 mollioribus

324 813 491 852 Praecepit
518 812 717 845 carnificibus
1004 813 1152 845 Sanctum
1178 821 1290 852 corpus
1316 813 1487 852 repositum

321 859 452 891 Torreri
476 868 573 900 super
596 860 731 900 ignibus.
1002 860 1070 892 Deo
1095 860 1238 892 reddidit
1260 860 1415 900 spiritum.

264 937 294 967 2.
322 935 406 967 Hinc
431 937 533 967 taetro
557 938 662 967 trusus
688 943 815 967 carcere
944 938 974 969 4.
1003 935 1027 968 O
1055 935 1187 974 Christe,
1213 944 1285 974 spes
1310 934 1458 974 fidelium,

322 982 573 1023 Cunctipotentis
598 991 726 1014 munere
1001 983 1061 1014 Per
1086 983 1201 1014 levitae
1225 983 1407 1021 martyrium

321 1029 515 1069 Angelorum
541 1029 690 1069 obsequio
998 1029 1049 1061 Da
1072 1029 1163 1060 nobis
1188 1027 1251 1060 frui
1274 1030 1388 1069 gaudio

324 1076 474 1108 Laetatus
500 1078 549 1107 est
571 1077 718 1114 alloquio.
998 1076 1035 1107 In
1059 1078 1230 1115 martyrum
1258 1077 1422 1108 consortio.

660 1143 689 1173 5.
717 1141 764 1173 Sit
788 1141 867 1180 laus,
894 1142 992 1173 honor
1015 1140 1152 1181 ingenito

713 1188 811 1227 Patri,
837 1190 921 1226 nato,
946 1188 1110 1229 paraclito,

715 1233 773 1273 Qui
798 1236 953 1266 certantes
977 1232 1114 1264 fideliter

713 1280 903 1310 Remunerat
931 1278 1075 1311 feliciter.

336 1350 419 1377 Brev,
440 1359 480 1377 ms
514 1350 764 1386 Calagum-itanum
791 1359 865 1378 saee-
888 1349 930 1378 15.
961 1350 1027 1377 Cod.
1049 1350 1253 1378 Salmanticen.
1276 1349 1337 1378 1136.
1358 1352 1392 1378 A.
1413 1365 1449 1370 —
1467 1353 1550 1380 Brev.

261 1387 513 1421 Calagurritanum
534 1389 563 1413 et
583 1387 763 1414 Oalciatense
782 1388 850 1422 imp.
871 1388 1008 1414 Lucronii
1032 1385 1111 1414 1543.
1134 1389 1164 1414 13.
1184 1401 1221 1406 —
1241 1389 1345 1415 Dieser
1358 1389 1491 1424 Hymnus
1512 1390 1553 1417 ist

258 1432 313 1450 nur
330 1425 377 1449 ein
396 1424 460 1450 Teil
479 1422 608 1456 (divisio)
627 1423 677 1450 (les
690 1425 822 1458 Hymnus
835 1425 982 1451 Yineentii
1001 1425 1177 1459 martyrium,
1198 1426 1252 1452 mii:
1270 1425 1407 1454 wele-hem
1427 1435 1457 1454 er
1476 1427 1551 1455 auch

258 1461 290 1486 in
309 1460 333 1486 B
353 1469 408 1487 nur
428 1461 475 1486 ein
495 1460 607 1488 Ganzes
626 1460 725 1488 bildet.
764 1461 821 1488 Die
840 1461 1003 1498 Doxologie
1021 1461 1074 1488 hat
1092 1470 1146 1488 nur
1165 1463 1198 1489 A.

673 1596 737 1627 477.
777 1595 819 1628 De
838 1599 943 1629 sancto
963 1598 1132 1630 Vincentio.

787 1673 835 1702 Au
857 1673 1012 1711 Vesperas.

260 1747 287 1780 1.
316 1747 484 1779 Venustam
509 1748 599 1787 plebs
624 1750 766 1789 martyrii
930 1754 961 1785 4,
988 1752 1056 1784 Nec
1079 1753 1177 1785 hostis
1201 1754 1294 1786 minis
1318 1755 1446 1786 territus

315 1794 455 1826 Palmam
481 1797 587 1826 cantet
613 1795 776 1836 Vimentfi,
989 1799 1050 1831 Sed
1077 1800 1109 1831 in
1134 1809 1241 1832 amore
1266 1801 1391 1833 deditus

316 1840 375 1878 Qui
399 1841 509 1872 stolam
535 1843 608 1881 agni
631 1844 781 1883 sanguine
986 1846 1046 1878 Dei
1071 1848 1195 1888 mansit,
1221 1850 1257 1879 ut
1280 1848 1394 1888 gaudio

315 1887 407 1919 Lavit
430 1888 568 1920 imbutus
590 1888 725 1923 fiamine.
988 1893 1074 1925 Cocli
1101 1898 1241 1926 maneret
1267 1895 1358 1928 atrio.

255 1965 285 1995 2.
312 1962 369 2001 Qui
395 1964 531 1996 crudelis
555 1965 703 2005 supplicii
929 1971 959 2002 5.
986 1969 1110 2001 Audaci
1136 1969 1230 2002 verbo
1256 1971 1402 2010 protulit:

313 2011 449 2043 Poenam
473 2011 562 2051 signo
585 2012 725 2053 prodigii
987 2015 1061 2048 Sum
1087 2015 1200 2059 fidelis,
1229 2026 1284 2049 cur
1308 2018 1434 2050 sustulit

313 2057 401 2089 Tulit
426 2059 530 2090 cordis
557 2060 718 2091 conamine
985 2064 1166 2095 Passionem
1192 2065 1323 2104 equuleo

312 2104 446 2137 Daciani
464 2107 643 2141 certamine.
985 2110 1067 2142 Vero
1094 2110 1198 2143 <lando
1222 2112 1332 2143 laudes
1356 2112 1434 2146 Deo.

255 2181 287 2213 3.
314 2181 375 2214 Pro
398 2180 463 2213 fide
488 2184 633 2214 constans
659 2183 789 2222 exstitit,
928 2186 956 2218 6,
984 2184 1203 2223 Triumphavit
1230 2184 1374 2223 viriliter,

310 2227 402 2267 Pugil
425 2230 564 2260 tutamen
586 2230 744 2268 praestitit
986 2230 1068 2261 Dum
1091 2233 1252 2268 pateretur
1275 2230 1400 2270 acriter,

309 2274 452 2306 Rationis
478 2284 545 2306 cum
571 2276 691 2314 proelio
943 2278 946 2284 “
983 2276 1025 2308 Ut
1050 2277 1201 2316 gauderet
1226 2276 1372 2308 aethereo

310 2321 428 2352 Christi
450 2320 549 2353 fultus
571 2323 741 2361 praesidio.
984 2322 1071 2354 Coeli
1093 2323 1210 2353 sanctis
1234 2330 1392 2361 empyreO.
