1651 2518
156 209 186 241 3.
213 207 319 240 Omnis
344 206 466 248 fulgore
489 208 614 240 virtutis

257 254 341 286 Miro
366 253 454 286 fulsit
478 255 628 297 tenebris,

212 302 370 333 Aeternae
393 310 452 341 pro
477 310 534 341 spe
558 303 668 334 salutis

259 347 374 387 Spreta
397 348 469 380 labe
492 349 631 390 sceleris,

211 395 257 428 Ut
280 395 357 427 locis
381 404 509 427 manere
533 397 609 428 tutis

260 441 379 474 Summi
402 443 504 481 possit
527 443 673 475 aetheris.

155 499 186 530 4.
212 497 361 530 Mirando
386 499 485 539 gignit
508 501 677 539 stuporem,

262 544 352 583 Quod
373 546 481 584 puella
503 545 647 578 bravium

215 592 268 624 Sic
292 595 417 632 optaret
442 595 472 624 et
497 601 633 625 amorem

260 639 388 671 Sumere
414 640 602 680 coelestium⁷

213 687 259 719 Ut
281 687 382 718 lutum
405 685 512 718 fictum
536 687 687 719 honorem

263 732 446 772 Spernendo
471 735 677 766 terrestrium.

158 790 187 822 5.
213 790 384 820 Auctorem
408 790 492 821 vitae
518 789 637 832 dilexit,

261 835 323 867 Pro
349 844 408 876 quo
432 835 512 868 mori
536 837 642 877 voluit,

218 882 308 914 Idola
331 892 413 914 vana
436 883 588 923 despexit,

259 929 393 968 Quorum
419 930 534 961 cultum
558 930 690 972 respuit,

216 976 259 1008 Ut
283 977 404 1008 viveret
426 976 506 1015 Deo,
529 975 617 1008 flexit

265 1022 325 1054 Cor
351 1027 382 1054 et
405 1023 515 1055 laudes
537 1024 659 1056 tribuit.

824 211 854 242 6.
880 209 995 243 Contra
1023 198 1117 240 ritum
1142 208 1229 248 pugil
1255 206 1346 239 fortis

927 255 1060 287 Exstitit
1083 254 1254 294 gentilium,

884 302 953 335 Nec
976 302 1081 334 timuit
1102 304 1187 333 metu
1211 301 1321 333 mortis

930 349 1041 381 Subire
1064 348 1258 389 martyrium,

882 396 1073 436 Angelorum
1095 398 1131 427 ut
1155 395 1290 427 cohortis

929 442 1110 475 Possideret
1134 442 1290 482 gaudium.

851 525 858 531 .
884 499 1103 539 Triumphavit
1126 499 1158 530 in
1183 507 1284 538 agone

930 546 973 578 Et
997 546 1100 577 emisit
1120 545 1274 585 spiritum,

884 593 968 625 Actu
993 596 1135 625 constans
1162 595 1193 623 et
1217 599 1368 631 sermone,

931 640 976 672 Ut
998 639 1128 672 haberet
1153 639 1282 678 aditum,

886 686 962 719 Polo
989 687 1121 726 duplicis
1148 694 1281 717 coronae

934 734 1109 766 obtinendo
1133 733 1288 765 meritum.

854 815 860 821 .
886 789 1011 822 Laudes
1038 790 1149 821 dentur
1173 789 1318 830 trinitati,

934 837 1032 876 Patri,
1058 839 1141 876 nato,
1167 834 1295 879 flamini,

885 883 1032 915 Essentia
1055 884 1167 914 unitati

933 929 1135 969 Simplicique
1158 930 1277 961 numini

884 978 934 1008 Ac
958 977 1081 1008 divinae
1105 977 1263 1015 maJestati

933 1023 977 1054 Et
1000 1026 1176 1055 sanctorum
1203 1022 1338 1056 culmini.

231 1087 315 1114 Brev.
337 1086 509 1115 Celsonense
536 1088 603 1123 imp.
626 1086 872 1123 Caesaraugustae
900 1085 982 1115 1514.
1003 1103 1039 1107 —
1058 1086 1090 1122 ὃ,
1119 1086 1134 1115 1
1155 1087 1246 1115 Annis
1265 1087 1387 1122 fulgore.
1407 1099 1445 1105 -v-

155 1122 188 1159 3,
214 1123 231 1151 5
251 1126 321 1151 tutis
342 1125 466 1161 erganzt.
487 1139 524 1144 -
539 1125 610 1152 Dies
631 1125 747 1153 Brevier
768 1125 877 1152 enth'alt
897 1126 961 1152 eine
980 1125 1071 1153 Reihe
1090 1134 1148 1152 von
1170 1126 1321 1159 Hymnen,
1352 1125 1444 1152 denen

154 1162 200 1189 ich
221 1163 319 1189 weiter
338 1162 419 1189 nicht
438 1163 579 1198 begegnet
598 1164 648 1190 bin
667 1163 726 1190 und
746 1163 793 1190 die
812 1171 869 1190 von
890 1164 937 1190 ein
956 1163 1015 1190 und
1034 1163 1105 1190 dem:
1115 1164 1199 1190 elben
1212 1163 1363 1190 Verfasser
1377 1162 1442 1190 lier-

153 1200 298 1226 zuriihren
323 1200 469 1227 scheinen.
507 1200 560 1227 Ich
579 1200 672 1228 werde
690 1200 847 1229 denselben
866 1201 922 1228 den
941 1200 1080 1228 Vermerk
1100 1201 1246 1236 beifiigen:
1274 1200 1441 1228 Vorsasser:

154 1237 323 1272 Anonymus
345 1236 535 1265 Celsonensis.

595 1375 640 1406 87.
680 1375 722 1405 De
744 1377 853 1406 sancta
872 1375 1000 1416 Agnete.

660 1451 707 1480 Ad
728 1451 916 1481 Nocturnum.

155 1529 185 1560 1.
211 1529 357 1562 Jucunda
381 1537 457 1560 voce
482 1530 627 1561 carminis

210 1576 350 1618 Agnetis,
379 1576 479 1607 almae
503 1576 642 1616 virginis,

210 1621 304 1654 Plebs
328 1623 474 1654 decantet
496 1624 664 1662 praeconia

212 1669 406 1701 Gratulando
431 1670 589 1702 solemnia.

153 1727 185 1759 2.
209 1726 294 1765 Quae
319 1725 437 1757 Christi
460 1728 580 1765 martyr
602 1727 732 1765 exstitit,

210 1773 292 1804 Nam
318 1772 414 1805 corde
438 1781 551 1812 corpus
575 1774 734 1812 praestitit

210 1820 271 1852 Pro
295 1818 360 1851 fide
383 1820 425 1851 ad
446 1819 602 1859 supplicia

205 1866 367 1898 Anhelans
392 1867 434 1898 ad
459 1867 616 1901 coelestia.

151 1925 182 1957 3.
205 1924 281 1965 Igne
306 1931 456 1955 succensa
480 1922 614 1956 flaminis

206 1970 324 2003 Mentis
349 1971 454 2002 lumen
479 1972 520 2003 ad
546 1972 688 2003 culminis

210 2018 296 2050 Coeli
322 2018 439 2050 direxit
461 2018 542 2050 atria

206 2065 358 2105 Martyrii
383 2065 525 2098 victoria.

148 2123 181 2154 4-
206 2122 324 2163 Captus
349 2131 456 2154 amore
480 2122 637 2162 praesidis

206 2169 307 2202 Natus
333 2169 452 2203 carnali
476 2170 619 2212 tradidit,

204 2218 290 2257 Quae
313 2217 435 2257 respuit
455 2217 572 2257 jocalia

206 2265 303 2304 Virgo
324 2266 503 2305 spernendo
526 2265 615 2299 vitia.

825 1532 856 1562 5.
881 1530 1003 1568 Inquit:
1029 1530 1142 1561 recede
1168 1530 1304 1562 criminis

880 1578 1003 1616 Fomes‚
1035 1578 1154 1608 aeterni
1179 1577 1303 1609 luminis

881 1623 936 1655 Me
959 1623 1159 1655 subarrhavit
1185 1624 1315 1656 dextera

883 1671 1081 1702 Gemmarum
1108 1671 1211 1703 dando
1236 1680 1375 1706 munera.

849 1752 857 1759 .
883 1729 1036 1766 Agnetem
1060 1727 1177 1759 nudam
1202 1729 1340 1760 vestibus

883 1774 977 1805 Texit
1002 1774 1133 1813 capillus
1158 1775 1301 1814 pedibus,

883 1822 1063 1853 Prostratus
1087 1820 1123 1852 fit
1146 1823 1321 1861 prostibulo

884 1868 1040 1907 Principis
1064 1868 1175 1901 haeres
1200 1870 1321 1902 zabulo.

848 1951 855 1959 .
882 1925 974 1964 Pugil
999 1928 1142 1957 constans
1167 1924 1203 1957 fit
1227 1926 1371 1968 numinis,

882 1972 1022 2004 Palmam
1046 1973 1140 2012 gestit
1165 1974 1353 2013 certamiine,

881 2018 963 2051 Fide
986 2020 1059 2051 tulit
1082 2021 1278 2061 martyrium,

883 2066 945 2099 Cur
967 2068 1046 2098 coeli
1071 2068 1204 2107 sumpsit
1226 2068 1378 2101 bravium.

848 2150 855 2157 .
880 2124 979 2162 Patri,
1004 2126 1077 2155 nato
1102 2125 1145 2156 sit
1169 2124 1269 2165 gloria

880 2171 924 2202 Et
947 2169 1075 2212 flamini,
1101 2173 1153 2211 qui
1177 2173 1282 2211 patria

882 2218 1017 2251 Coelesti
1041 2222 1153 2259 regnat
1177 2220 1306 2252 coelitus

880 2265 1065 2298 Sanctorum
1089 2267 1217 2299 summis
1241 2267 1396 2302 laudibus.

221 2330 305 2357 Brev.
331 2329 504 2359 Celsonense
530 2332 599 2367 imp.
627 2332 876 2368 Caesaraugustae
903 2329 983 2359 1514.
1014 2346 1050 2351 —
1073 2333 1237 2361 Verfasser:
1262 2334 1431 2370 Anonymus

147 2366 338 2396 Celsonensis.
