1651 2518
775 109 1007 145 -30-

718 220 742 249 7.
782 219 825 250 De
845 218 968 250 Nomine
987 219 1068 250 Jesu.

800 294 847 324 Ad
866 294 991 324 Laudes.

470 375 499 406 1.
525 375 628 411 Jesus,
654 374 774 405 aeterni
799 372 921 405 soboles
947 372 1097 411 parentis,

520 421 622 458 Jessus,
647 420 772 451 humani
797 419 921 459 generis
946 419 1135 459 redemptor,

521 467 586 499 Nos
611 475 666 498 suo
691 475 813 505 semper
837 465 898 496 sibi
924 465 1084 497 dedicatos

566 513 700 545 Nomine
723 516 835 547 servet.

466 602 496 631 2.
525 600 644 631 Nomen
670 600 728 631 hoe
751 600 868 639 ingens,
895 598 1011 630 hilarat.
1035 598 1117 638 quod
1142 607 1259 638 omnes,

520 647 662 678 Omnium
686 649 805 677 mentes
830 644 948 677 faciens
974 645 1091 684 beatOS,

521 693 674 732 Quotquot
699 701 717 723 a
741 693 842 731 primo
864 700 1006 723 meruere
1030 691 1127 724 vitam

567 739 702 771 Cardine
725 740 843 771 mundi.

465 824 496 857 3.
521 823 609 862 Quod
635 823 760 861 quidem
784 823 886 854 nullus
911 823 1012 861 potuit
1034 822 1171 853 virorum

519 869 654 909 Assequi
677 870 779 908 plene,
806 869 909 909 potuit
932 878 990 900 nee
1014 869 1095 901 uuus

520 916 670 956 Angelus,
697 925 882 955 quamquam
906 916 1069 955 Seraphim
1095 915 1268 947 adhaerent.

567 962 714 995 Proxima
739 963 872 996 Christo.

464 1048 495 1079 4.
519 1046 612 1078 Hune
637 1046 802 1077 adoremus
826 1046 920 1077 latria
945 1048 1113 1084 potentem,

519 1092 654 1124 Vertiois
676 1095 754 1124 nutu
777 1092 879 1132 quatit,
901 1093 953 1124 hic
977 1093 1153 1134 Olympum,

521 1139 553 1171 Si
578 1139 653 1179 quid
678 1142 731 1170 aut
754 1140 838 1171 ultra
858 1139 953 1170 latria
978 1140 1115 1171 valemus

566 1186 714 1217 Reddere
738 1187 847 1225 majus.

464 1271 494 1303 5.
521 1269 569 1301 Sit
591 1269 676 1309 patri
700 1278 818 1301 summo
845 1268 938 1299 decus
963 1271 994 1299 et
1017 1269 1163 1308 perennis

519 1316 639 1348 Laudis
662 1315 832 1347 immensae
854 1315 1002 1354 cumulus,
1028 1316 1071 1346 sit.
1091 1324 1156 1346 una

518 1362 610 1406 Filio,
638 1371 707 1393 cum
732 1362 799 1401 quis
823 1362 943 1402 pariter
968 1362 1089 1394 colatur

565 1409 700 1448 Spiritus
725 1409 832 1440 aimus.

323 1474 406 1501 Brev.
428 1474 494 1501 Ord.
515 1474 543 1501 S.
563 1474 674 1501 Mariae
694 1473 729 1501 de
745 1472 879 1501 Mercede
898 1474 965 1508 imp.
986 1472 1121 1509 Lugduni
1143 1471 1222 1500 1560.

717 1620 743 1651 8.
783 1620 825 1651 De
844 1618 966 1651 nomine
986 1619 1068 1650 Jesu.

741 1696 776 1725 In
795 1695 882 1732 Vesp.
907 1697 936 1724 et
949 1695 1042 1724 Laud.

252 1774 281 1805 1.
306 1774 330 1805 O
354 1774 420 1804 soie
444 1772 520 1804 Jesu
545 1774 659 1805 clarior
923 1774 954 1805 3.
981 1773 1005 1804 O
1032 1771 1144 1803 mentis
1169 1771 1346 1813 oblectatio,

307 1819 351 1851 Et
374 1820 513 1851 balsamo
540 1821 674 1859 suavior,
979 1819 1107 1851 Amoris
1132 1827 1149 1850 o
1174 1818 1338 1857 perfectio,

307 1867 397 1899 Omni
426 1875 534 1905 sapore
560 1866 689 1905 dulcior,
979 1868 1029 1899 Tu
1052 1868 1162 1897 nostra
1185 1865 1341 1906 gloriatio,

306 1912 444 1945 Dulcore
468 1916 500 1944 et
523 1914 606 1945 omni
630 1914 758 1952 gratior.
978 1912 1092 1944 Mundi
1116 1912 1212 1952 salus,
1238 1920 1311 1952 spes
1334 1913 1435 1945 unica.

251 1979 282 2010 2.
308 1978 406 2010 Amor
427 1980 498 2009 tuus
522 1988 578 2010 nos
603 1977 713 2020 afficit,
923 1980 954 2012 4.
981 1978 1179 2016 Quocunque,
1205 1977 1291 2017 Jesu,
1319 1978 1457 2021 duxeris,

308 2025 393 2057 Odor
415 2027 486 2056 tuus
509 2034 564 2056 nos
588 2027 719 2067 recreat,
981 2023 1116 2057 Calcabo
1141 2027 1264 2056 sectans
1290 2033 1415 2064 aspera,

308 2071 434 2103 Nullum
461 2072 620 2103 timentem
645 2072 763 2103 deseris
980 2072 1030 2103 Tu
1056 2070 1119 2101 dux
1143 2071 1184 2102 ad
1209 2075 1296 2103 astra
1321 2076 1352 2102 et,
1375 2073 1496 2106 semita.

309 2118 460 2159 Omnique
482 2119 600 2150 amanti
623 2117 752 2152 sufficis.
982 2117 1031 2149 Sis
1055 2119 1140 2148 meta
1163 2119 1279 2150 nostris
1306 2119 1463 2151 cordibus.

690 2176 721 2208 5.
746 2174 832 2215 Jesu‚
858 2174 917 2205 tibi
940 2174 984 2204 sit,
1007 2173 1118 2213 gloria.

326 2238 443 2274 Antiph.
470 2247 521 2266 ms.
550 2240 703 2276 Augustin.
731 2247 804 2266 saec.
832 2236 874 2266 16.
896 2237 963 2265 Cod.
984 2237 1146 2265 Praedieat.
1169 2238 1374 2266 Salmantieen.
1404 2249 1427 2268 s.
1453 2251 1481 2269 n.
1504 2256 1541 2260 —

255 2275 296 2302 Es
326 2275 449 2303 branc-ht
473 2277 550 2304 wohl
575 2276 657 2305 nicht
680 2277 813 2304 bemerkt
836 2284 872 2303 zu
896 2275 1023 2308 werden,
1051 2274 1114 2303 dass
1139 2275 1234 2302 dieser
1258 2276 1317 2304 und
1341 2277 1392 2305 der
1410 2279 1543 2315 folgende

252 2313 385 2347 Hymnus
415 2313 509 2340 nichts
539 2314 582 2341 als
608 2316 672 2343 eine
696 2314 883 2349 Pliinderung
906 2313 964 2340 und
987 2312 1177 2348 Entstellung
1203 2313 1253 2341 des
1282 2314 1448 2344 belcannten
1470 2318 1543 2345 Jesu

256 2350 347 2377 duleis
366 2352 505 2378 memoria
523 2352 597 2379 sind.
