<?xml version="1.0" encoding="UTF-8"?>
<!DOCTYPE html PUBLIC "-//W3C//DTD XHTML 1.0 Transitional//EN"
    "http://www.w3.org/TR/xhtml1/DTD/xhtml1-transitional.dtd">
<html xmlns="http://www.w3.org/1999/xhtml" xml:lang="en" lang="en">
 <head>
  <title>
</title>
<meta http-equiv="Content-Type" content="text/html;charset=utf-8" />
  <meta name='ocr-system' content='tesseract 3.04.00' />
  <meta name='ocr-capabilities' content='ocr_page ocr_carea ocr_par ocr_line ocrx_word'/>
</head>
<body>
  <div class='ocr_page' id='page_1' title='image "./analectahymnica16drevuoft_00153.png"; bbox 0 0 1651 2518; ppageno 0'>
   <div class='ocr_carea' id='block_1_1' title="bbox 806 144 1060 179">
    <p class='ocr_par' dir='ltr' id='par_1_1' title="bbox 806 144 1060 179">
     <span class='ocr_line' id='line_1_1' title="bbox 806 144 1060 179; baseline 0 0"><span class='ocrx_word' id='word_1_1' title='bbox 806 144 1060 179; x_wconf 84' lang='lat'>—150—</span> 
     </span>
    </p>
   </div>
   <div class='ocr_carea' id='block_1_2' title="bbox 559 238 1310 420">
    <p class='ocr_par' dir='ltr' id='par_1_2' title="bbox 559 238 1310 373">
     <span class='ocr_line' id='line_1_2' title="bbox 559 238 1219 280; baseline -0.002 -7"><span class='ocrx_word' id='word_1_2' title='bbox 559 242 591 275; x_wconf 84' lang='lat'>3.</span> <span class='ocrx_word' id='word_1_3' title='bbox 616 239 752 272; x_wconf 72' lang='lat' dir='ltr'>Ornatus</span> <span class='ocrx_word' id='word_1_4' title='bbox 774 238 906 279; x_wconf 71' lang='lat' dir='ltr'>meritis,</span> <span class='ocrx_word' id='word_1_5' title='bbox 933 239 1020 271; x_wconf 75' lang='lat' dir='ltr'>dives</span> <span class='ocrx_word' id='word_1_6' title='bbox 1042 240 1219 280; x_wconf 78' lang='lat' dir='ltr'>virtutibus,</span> 
     </span>
     <span class='ocr_line' id='line_1_3' title="bbox 617 286 1222 319; baseline 0 -1"><span class='ocrx_word' id='word_1_7' title='bbox 617 286 693 318; x_wconf 84' lang='lat' dir='ltr'>Cum</span> <span class='ocrx_word' id='word_1_8' title='bbox 717 286 781 318; x_wconf 85' lang='lat' dir='ltr'>suis</span> <span class='ocrx_word' id='word_1_9' title='bbox 804 286 964 318; x_wconf 80' lang='lat' dir='ltr'>monachis</span> <span class='ocrx_word' id='word_1_10' title='bbox 988 286 1021 317; x_wconf 87' lang='lat' dir='ltr'><strong>in</strong></span> <span class='ocrx_word' id='word_1_11' title='bbox 1047 287 1097 318; x_wconf 89' lang='lat' dir='ltr'>die</span> <span class='ocrx_word' id='word_1_12' title='bbox 1121 287 1222 319; x_wconf 72' lang='lat' dir='ltr'>obitus</span> 
     </span>
     <span class='ocr_line' id='line_1_4' title="bbox 616 333 1310 373; baseline 0 -8"><span class='ocrx_word' id='word_1_13' title='bbox 616 333 800 373; x_wconf 85' lang='lat' dir='ltr'>Colloquens</span> <span class='ocrx_word' id='word_1_14' title='bbox 825 333 944 364; x_wconf 85' lang='lat' dir='ltr'><strong>monuit</strong></span> <span class='ocrx_word' id='word_1_15' title='bbox 979 335 1014 363; x_wconf 89' lang='lat' dir='ltr'>ut</span> <span class='ocrx_word' id='word_1_16' title='bbox 1038 342 1099 365; x_wconf 91' lang='lat' dir='ltr'>non</span> <span class='ocrx_word' id='word_1_17' title='bbox 1123 334 1310 366; x_wconf 75' lang='lat' dir='ltr'>moestitiam</span> 
     </span>
    </p>

    <p class='ocr_par' dir='ltr' id='par_1_3' title="bbox 665 380 1173 420">
     <span class='ocr_line' id='line_1_5' title="bbox 665 380 1173 420; baseline 0.002 -8"><span class='ocrx_word' id='word_1_18' title='bbox 665 380 727 413; x_wconf 86' lang='lat' dir='ltr'>Sed</span> <span class='ocrx_word' id='word_1_19' title='bbox 754 388 861 413; x_wconf 86' lang='lat' dir='ltr'>veram</span> <span class='ocrx_word' id='word_1_20' title='bbox 883 381 994 420; x_wconf 73' lang='lat' dir='ltr'>gerani:</span> <span class='ocrx_word' id='word_1_21' title='bbox 1017 381 1173 419; x_wconf 87' lang='lat' dir='ltr'>gaudium.</span> 
     </span>
    </p>
   </div>
   <div class='ocr_carea' id='block_1_3' title="bbox 557 464 1287 638">
    <p class='ocr_par' dir='ltr' id='par_1_4' title="bbox 557 464 1287 600">
     <span class='ocr_line' id='line_1_6' title="bbox 557 464 1258 505; baseline -0.004 -7"><span class='ocrx_word' id='word_1_22' title='bbox 557 467 590 499; x_wconf 87' lang='lat'>4.</span> <span class='ocrx_word' id='word_1_23' title='bbox 615 465 732 505; x_wconf 82' lang='lat' dir='ltr'>Regnis</span> <span class='ocrx_word' id='word_1_24' title='bbox 758 465 943 496; x_wconf 83' lang='lat' dir='ltr'>coelestibus</span> <span class='ocrx_word' id='word_1_25' title='bbox 968 464 1077 495; x_wconf 88' lang='lat' dir='ltr'><strong>mundi</strong></span> <span class='ocrx_word' id='word_1_26' title='bbox 1101 465 1258 496; x_wconf 86' lang='lat' dir='ltr'>miseriam</span> 
     </span>
     <span class='ocr_line' id='line_1_7' title="bbox 615 511 1287 553; baseline -0.001 -10"><span class='ocrx_word' id='word_1_27' title='bbox 615 512 692 543; x_wconf 82' lang='lat' dir='ltr'>Cum</span> <span class='ocrx_word' id='word_1_28' title='bbox 715 511 804 544; x_wconf 87' lang='lat' dir='ltr'>vanis</span> <span class='ocrx_word' id='word_1_29' title='bbox 830 512 950 544; x_wconf 80' lang='lat' dir='ltr'>artibus</span> <span class='ocrx_word' id='word_1_30' title='bbox 971 511 1149 550; x_wconf 88' lang='lat' dir='ltr'>relinquens</span> <span class='ocrx_word' id='word_1_31' title='bbox 1174 512 1287 553; x_wconf 84' lang='lat' dir='ltr'>omnia,</span> 
     </span>
     <span class='ocr_line' id='line_1_8' title="bbox 614 558 1261 600; baseline -0.002 -10"><span class='ocrx_word' id='word_1_32' title='bbox 614 559 795 598; x_wconf 72' lang='lat' dir='ltr'>Assumpsit</span> <span class='ocrx_word' id='word_1_33' title='bbox 818 559 942 600; x_wconf 85' lang='lat' dir='ltr'>gaudia,</span> <span class='ocrx_word' id='word_1_34' title='bbox 969 561 1096 589; x_wconf 86' lang='lat' dir='ltr'>aeterna</span> <span class='ocrx_word' id='word_1_35' title='bbox 1119 558 1261 598; x_wconf 86' lang='lat' dir='ltr'>praemia</span> 
     </span>
    </p>

    <p class='ocr_par' dir='ltr' id='par_1_5' title="bbox 661 604 1035 638">
     <span class='ocr_line' id='line_1_9' title="bbox 661 604 1035 638; baseline 0.003 -1"><span class='ocrx_word' id='word_1_36' title='bbox 661 606 723 638; x_wconf 86' lang='lat' dir='ltr'>Per</span> <span class='ocrx_word' id='word_1_37' title='bbox 745 604 870 637; x_wconf 69' lang='lat' dir='ltr'>infinita</span> <span class='ocrx_word' id='word_1_38' title='bbox 900 605 1035 638; x_wconf 74' lang='lat' dir='ltr'>saecula.</span> 
     </span>
    </p>
   </div>
   <div class='ocr_carea' id='block_1_4' title="bbox 559 689 1347 870">
    <p class='ocr_par' dir='ltr' id='par_1_6' title="bbox 559 689 1347 870">
     <span class='ocr_line' id='line_1_10' title="bbox 559 689 1204 730; baseline -0.005 -7"><span class='ocrx_word' id='word_1_39' title='bbox 559 692 590 723; x_wconf 83' lang='lat'>5.</span> <span class='ocrx_word' id='word_1_40' title='bbox 616 690 667 721; x_wconf 86' lang='lat' dir='ltr'>Ex</span> <span class='ocrx_word' id='word_1_41' title='bbox 692 690 751 722; x_wconf 81' lang='lat' dir='ltr'>hoc</span> <span class='ocrx_word' id='word_1_42' title='bbox 775 689 817 721; x_wconf 84' lang='lat' dir='ltr'>sit</span> <span class='ocrx_word' id='word_1_43' title='bbox 841 690 941 730; x_wconf 87' lang='lat' dir='ltr'>gloria</span> <span class='ocrx_word' id='word_1_44' title='bbox 964 689 1050 729; x_wconf 84' lang='lat' dir='ltr'>patri</span> <span class='ocrx_word' id='word_1_45' title='bbox 1075 692 1106 721; x_wconf 76' lang='lat' dir='ltr'>et</span> <span class='ocrx_word' id='word_1_46' title='bbox 1130 689 1204 729; x_wconf 87' lang='lat' dir='ltr'>filio,</span> 
     </span>
     <span class='ocr_line' id='line_1_11' title="bbox 616 736 1195 776; baseline 0 -8"><span class='ocrx_word' id='word_1_47' title='bbox 616 736 700 768; x_wconf 87' lang='lat' dir='ltr'>Laus</span> <span class='ocrx_word' id='word_1_48' title='bbox 726 740 758 768; x_wconf 78' lang='lat' dir='ltr'>et</span> <span class='ocrx_word' id='word_1_49' title='bbox 781 737 876 768; x_wconf 85' lang='lat' dir='ltr'>latria</span> <span class='ocrx_word' id='word_1_50' title='bbox 899 739 1006 768; x_wconf 82' lang='lat' dir='ltr'>sancto</span> <span class='ocrx_word' id='word_1_51' title='bbox 1031 737 1195 776; x_wconf 80' lang='lat' dir='ltr'>paraclito,</span> 
     </span>
     <span class='ocr_line' id='line_1_12' title="bbox 616 783 1347 823; baseline -0.001 -8"><span class='ocrx_word' id='word_1_52' title='bbox 616 783 662 815; x_wconf 76' lang='lat' dir='ltr'>Ut</span> <span class='ocrx_word' id='word_1_53' title='bbox 686 793 756 815; x_wconf 82' lang='lat' dir='ltr'>cum</span> <span class='ocrx_word' id='word_1_54' title='bbox 779 783 971 823; x_wconf 79' lang='lat' dir='ltr'>Hieronymo</span> <span class='ocrx_word' id='word_1_55' title='bbox 997 783 1114 815; x_wconf 78' lang='lat' dir='ltr'>ducant</span> <span class='ocrx_word' id='word_1_56' title='bbox 1136 783 1179 815; x_wconf 85' lang='lat' dir='ltr'>ad</span> <span class='ocrx_word' id='word_1_57' title='bbox 1203 783 1347 823; x_wconf 77' lang='lat' dir='ltr'>patriam,</span> 
     </span>
     <span class='ocr_line' id='line_1_13' title="bbox 663 830 1179 870; baseline 0 -8"><span class='ocrx_word' id='word_1_58' title='bbox 663 831 716 862; x_wconf 87' lang='lat' dir='ltr'>Ad</span> <span class='ocrx_word' id='word_1_59' title='bbox 739 832 850 870; x_wconf 83' lang='lat' dir='ltr'>lucem,</span> <span class='ocrx_word' id='word_1_60' title='bbox 878 840 969 870; x_wconf 88' lang='lat' dir='ltr'>quam</span> <span class='ocrx_word' id='word_1_61' title='bbox 993 830 1179 862; x_wconf 79' lang='lat' dir='ltr'>inhabitant.</span> 
     </span>
    </p>
   </div>
   <div class='ocr_carea' id='block_1_5' title="bbox 287 911 1579 1062">
    <p class='ocr_par' dir='ltr' id='par_1_7' title="bbox 287 911 1579 1062">
     <span class='ocr_line' id='line_1_14' title="bbox 362 911 1576 949; baseline -0.002 -8"><span class='ocrx_word' id='word_1_62' title='bbox 362 916 446 942; x_wconf 80' lang='lat' dir='ltr'>Brev.</span> <span class='ocrx_word' id='word_1_63' title='bbox 467 923 519 941; x_wconf 89' lang='lat' dir='ltr'>ms.</span> <span class='ocrx_word' id='word_1_64' title='bbox 539 915 808 949; x_wconf 71' lang='lat' dir='ltr'>Hieronymitarum</span> <span class='ocrx_word' id='word_1_65' title='bbox 829 916 898 941; x_wconf 85' lang='lat' dir='ltr'>anni</span> <span class='ocrx_word' id='word_1_66' title='bbox 918 911 998 942; x_wconf 85' lang='lat'>1463.</span> <span class='ocrx_word' id='word_1_67' title='bbox 1021 913 1088 941; x_wconf 83' lang='lat' dir='ltr'>Cod.</span> <span class='ocrx_word' id='word_1_68' title='bbox 1108 914 1254 941; x_wconf 74' lang='lat' dir='ltr'>Matriten.</span> <span class='ocrx_word' id='word_1_69' title='bbox 1274 913 1301 940; x_wconf 89' lang='lat' dir='ltr'>A</span> <span class='ocrx_word' id='word_1_70' title='bbox 1322 911 1374 941; x_wconf 88' lang='lat'>169</span> <span class='ocrx_word' id='word_1_71' title='bbox 1388 913 1422 940; x_wconf 91' lang='lat' dir='ltr'>A.</span> <span class='ocrx_word' id='word_1_72' title='bbox 1442 927 1479 931; x_wconf 98' lang='lat'><strong>—</strong></span> <span class='ocrx_word' id='word_1_73' title='bbox 1492 913 1576 940; x_wconf 62' lang='lat' dir='ltr'>BreV.</span> 
     </span>
     <span class='ocr_line' id='line_1_15' title="bbox 287 950 1576 988; baseline -0.001 -9"><span class='ocrx_word' id='word_1_74' title='bbox 287 952 342 979; x_wconf 81' lang='lat' dir='ltr'>FF.</span> <span class='ocrx_word' id='word_1_75' title='bbox 371 953 399 980; x_wconf 82' lang='lat' dir='ltr'>S.</span> <span class='ocrx_word' id='word_1_76' title='bbox 423 952 596 986; x_wconf 81' lang='lat' dir='ltr'><strong>Hieronymi</strong></span> <span class='ocrx_word' id='word_1_77' title='bbox 624 953 693 987; x_wconf 82' lang='lat' dir='ltr'><strong>imp.</strong></span> <span class='ocrx_word' id='word_1_78' title='bbox 712 951 847 988; x_wconf 82' lang='lat' dir='ltr'><strong>Lugduni</strong></span> <span class='ocrx_word' id='word_1_79' title='bbox 869 950 949 979; x_wconf 86' lang='lat'>1547.</span> <span class='ocrx_word' id='word_1_80' title='bbox 970 951 1003 978; x_wconf 91' lang='lat' dir='ltr'>B.</span> <span class='ocrx_word' id='word_1_81' title='bbox 1024 967 1045 971; x_wconf 83' lang='lat'>—</span> <span class='ocrx_word' id='word_1_82' title='bbox 1080 952 1162 979; x_wconf 85' lang='lat' dir='ltr'>Brev.</span> <span class='ocrx_word' id='word_1_83' title='bbox 1181 951 1237 978; x_wconf 75' lang='lat' dir='ltr'>FF.</span> <span class='ocrx_word' id='word_1_84' title='bbox 1258 951 1287 978; x_wconf 88' lang='lat' dir='ltr'>S.</span> <span class='ocrx_word' id='word_1_85' title='bbox 1307 951 1481 985; x_wconf 85' lang='lat' dir='ltr'>Hieronymi</span> <span class='ocrx_word' id='word_1_86' title='bbox 1508 952 1576 986; x_wconf 87' lang='lat' dir='ltr'><strong>imp.</strong></span> 
     </span>
     <span class='ocr_line' id='line_1_16' title="bbox 289 987 1579 1025; baseline -0.002 -8"><span class='ocrx_word' id='word_1_87' title='bbox 289 989 536 1025; x_wconf 72' lang='lat' dir='ltr'>Caesaraugustae</span> <span class='ocrx_word' id='word_1_88' title='bbox 561 987 643 1017; x_wconf 74' lang='lat'>1552.</span> <span class='ocrx_word' id='word_1_89' title='bbox 665 989 696 1017; x_wconf 78' lang='lat' dir='ltr'>O.</span> <span class='ocrx_word' id='word_1_90' title='bbox 727 1004 765 1008; x_wconf 91' lang='lat'>-—-</span> <span class='ocrx_word' id='word_1_91' title='bbox 795 988 826 1023; x_wconf 83' lang='lat'>5,</span> <span class='ocrx_word' id='word_1_92' title='bbox 852 987 871 1016; x_wconf 75' lang='lat'>2</span> <span class='ocrx_word' id='word_1_93' title='bbox 890 990 970 1017; x_wconf 85' lang='lat' dir='ltr'>Laus</span> <span class='ocrx_word' id='word_1_94' title='bbox 997 990 1052 1022; x_wconf 77' lang='lat' dir='ltr'><strong>ist,</strong></span> <span class='ocrx_word' id='word_1_95' title='bbox 1082 990 1138 1017; x_wconf 84' lang='lat' dir='ltr'>wie</span> <span class='ocrx_word' id='word_1_96' title='bbox 1164 997 1195 1015; x_wconf 90' lang='lat' dir='ltr'>so</span> <span class='ocrx_word' id='word_1_97' title='bbox 1214 988 1325 1025; x_wconf 73' lang='lat' dir='ltr'>h&#39;aufig,</span> <span class='ocrx_word' id='word_1_98' title='bbox 1354 988 1528 1015; x_wconf 79' lang='lat' dir='ltr'>namentlich</span> <span class='ocrx_word' id='word_1_99' title='bbox 1548 989 1579 1014; x_wconf 84' lang='lat' dir='ltr'><strong>in</strong></span> 
     </span>
     <span class='ocr_line' id='line_1_17' title="bbox 289 1027 1014 1062; baseline 0.001 -11"><span class='ocrx_word' id='word_1_100' title='bbox 289 1027 464 1062; x_wconf 50' lang='lat' dir='ltr'>apauisehen</span> <span class='ocrx_word' id='word_1_101' title='bbox 484 1027 628 1062; x_wconf 82' lang='lat' dir='ltr'>Hymnen,</span> <span class='ocrx_word' id='word_1_102' title='bbox 648 1028 809 1062; x_wconf 82' lang='lat' dir='ltr'>zweisilbig</span> <span class='ocrx_word' id='word_1_103' title='bbox 828 1035 865 1054; x_wconf 87' lang='lat' dir='ltr'>zu</span> <span class='ocrx_word' id='word_1_104' title='bbox 883 1027 1014 1054; x_wconf 85' lang='lat' dir='ltr'>nehmen.</span> 
     </span>
    </p>
   </div>
   <div class='ocr_carea' id='block_1_6' title="bbox 620 1173 1242 1280">
    <p class='ocr_par' dir='ltr' id='par_1_8' title="bbox 620 1173 1242 1280">
     <span class='ocr_line' id='line_1_18' title="bbox 620 1173 1242 1211; baseline 0.002 -8"><span class='ocrx_word' id='word_1_105' title='bbox 620 1173 682 1204; x_wconf 84' lang='lat'>251.</span> <span class='ocrx_word' id='word_1_106' title='bbox 719 1174 755 1204; x_wconf 81' lang='lat' dir='ltr'>In</span> <span class='ocrx_word' id='word_1_107' title='bbox 773 1173 989 1205; x_wconf 65' lang='lat' dir='ltr'>Translatione</span> <span class='ocrx_word' id='word_1_108' title='bbox 1011 1181 1035 1204; x_wconf 88' lang='lat' dir='ltr'>s.</span> <span class='ocrx_word' id='word_1_109' title='bbox 1055 1173 1242 1211; x_wconf 78' lang='lat' dir='ltr'><strong>Hieronymi.</strong></span> 
     </span>
     <span class='ocr_line' id='line_1_19' title="bbox 841 1249 1032 1280; baseline 0 -1"><span class='ocrx_word' id='word_1_110' title='bbox 841 1250 888 1279; x_wconf 84' lang='lat' dir='ltr'>Ad</span> <span class='ocrx_word' id='word_1_111' title='bbox 906 1249 1032 1280; x_wconf 83' lang='lat' dir='ltr'>Laudes.</span> 
     </span>
    </p>
   </div>
   <div class='ocr_carea' id='block_1_7' title="bbox 568 1336 1324 1512">
    <p class='ocr_par' dir='ltr' id='par_1_9' title="bbox 568 1336 1324 1471">
     <span class='ocr_line' id='line_1_20' title="bbox 568 1336 1324 1377; baseline -0.001 -8"><span class='ocrx_word' id='word_1_112' title='bbox 568 1337 597 1370; x_wconf 82' lang='lat'>1.</span> <span class='ocrx_word' id='word_1_113' title='bbox 625 1336 809 1368; x_wconf 83' lang='lat' dir='ltr'>Sanctorum</span> <span class='ocrx_word' id='word_1_114' title='bbox 836 1337 929 1369; x_wconf 82' lang='lat' dir='ltr'>decus</span> <span class='ocrx_word' id='word_1_115' title='bbox 952 1338 1132 1377; x_wconf 79' lang='lat' dir='ltr'>praesulum</span> <span class='ocrx_word' id='word_1_116' title='bbox 1158 1339 1189 1367; x_wconf 75' lang='lat' dir='ltr'>et</span> <span class='ocrx_word' id='word_1_117' title='bbox 1214 1337 1324 1368; x_wconf 79' lang='lat' dir='ltr'>doctor</span> 
     </span>
     <span class='ocr_line' id='line_1_21' title="bbox 626 1382 1274 1424; baseline 0.002 -10"><span class='ocrx_word' id='word_1_118' title='bbox 626 1383 747 1415; x_wconf 83' lang='lat' dir='ltr'><strong>Lumen</strong></span> <span class='ocrx_word' id='word_1_119' title='bbox 771 1382 929 1424; x_wconf 80' lang='lat' dir='ltr'><strong>refulgens</strong></span> <span class='ocrx_word' id='word_1_120' title='bbox 953 1384 1083 1416; x_wconf 87' lang='lat' dir='ltr'>latebris</span> <span class='ocrx_word' id='word_1_121' title='bbox 1109 1387 1141 1415; x_wconf 76' lang='lat' dir='ltr'>et</span> <span class='ocrx_word' id='word_1_122' title='bbox 1164 1386 1274 1415; x_wconf 84' lang='lat' dir='ltr'><strong>auctor</strong></span> 
     </span>
     <span class='ocr_line' id='line_1_22' title="bbox 621 1429 1210 1471; baseline 0.002 -10"><span class='ocrx_word' id='word_1_123' title='bbox 621 1429 757 1462; x_wconf 84' lang='lat' dir='ltr'><strong>Nostrae</strong></span> <span class='ocrx_word' id='word_1_124' title='bbox 780 1431 899 1471; x_wconf 76' lang='lat' dir='ltr'>salutis,</span> <span class='ocrx_word' id='word_1_125' title='bbox 925 1431 1068 1463; x_wconf 84' lang='lat' dir='ltr'>veritatis</span> <span class='ocrx_word' id='word_1_126' title='bbox 1093 1432 1210 1471; x_wconf 79' lang='lat' dir='ltr'>pastor,</span> 
     </span>
    </p>

    <p class='ocr_par' dir='ltr' id='par_1_10' title="bbox 666 1476 1046 1512">
     <span class='ocr_line' id='line_1_23' title="bbox 666 1476 1046 1512; baseline 0.008 -3"><span class='ocrx_word' id='word_1_127' title='bbox 666 1477 773 1509; x_wconf 88' lang='lat' dir='ltr'>Eremi</span> <span class='ocrx_word' id='word_1_128' title='bbox 799 1478 908 1512; x_wconf 78' lang='lat' dir='ltr'>cultor.</span> <span class='ocrx_word' id='word_1_129' title='bbox 1039 1476 1046 1478; x_wconf 14' lang='grc' dir='ltr'>ᾇ</span> 
     </span>
    </p>
   </div>
   <div class='ocr_carea' id='block_1_8' title="bbox 569 1562 1290 1738">
    <p class='ocr_par' dir='ltr' id='par_1_11' title="bbox 569 1562 1290 1697">
     <span class='ocr_line' id='line_1_24' title="bbox 569 1562 1193 1603; baseline -0.003 -8"><span class='ocrx_word' id='word_1_130' title='bbox 569 1564 598 1595; x_wconf 84' lang='lat'>2.</span> <span class='ocrx_word' id='word_1_131' title='bbox 625 1562 697 1593; x_wconf 85' lang='lat' dir='ltr'><strong>Tibi</strong></span> <span class='ocrx_word' id='word_1_132' title='bbox 723 1566 770 1594; x_wconf 75' lang='lat' dir='ltr'>est</span> <span class='ocrx_word' id='word_1_133' title='bbox 796 1562 902 1594; x_wconf 83' lang='lat' dir='ltr'>datum</span> <span class='ocrx_word' id='word_1_134' title='bbox 926 1562 1064 1603; x_wconf 81' lang='lat' dir='ltr'>regimen</span> <span class='ocrx_word' id='word_1_135' title='bbox 1088 1562 1193 1602; x_wconf 87' lang='lat' dir='ltr'>fidele,</span> 
     </span>
     <span class='ocr_line' id='line_1_25' title="bbox 622 1609 1290 1648; baseline 0.001 -8"><span class='ocrx_word' id='word_1_136' title='bbox 622 1609 778 1642; x_wconf 81' lang='lat' dir='ltr'>Haereses</span> <span class='ocrx_word' id='word_1_137' title='bbox 802 1618 908 1641; x_wconf 87' lang='lat' dir='ltr'>omnes</span> <span class='ocrx_word' id='word_1_138' title='bbox 935 1610 1111 1648; x_wconf 86' lang='lat' dir='ltr'>deprimens</span> <span class='ocrx_word' id='word_1_139' title='bbox 1136 1609 1290 1642; x_wconf 85' lang='lat' dir='ltr'>adhaeres</span> 
     </span>
     <span class='ocr_line' id='line_1_26' title="bbox 623 1656 1244 1697; baseline 0.002 -10"><span class='ocrx_word' id='word_1_140' title='bbox 623 1656 738 1688; x_wconf 83' lang='lat' dir='ltr'>Sacrae</span> <span class='ocrx_word' id='word_1_141' title='bbox 764 1657 934 1697; x_wconf 81' lang='lat' dir='ltr'>doctrinae,</span> <span class='ocrx_word' id='word_1_142' title='bbox 960 1657 1089 1689; x_wconf 86' lang='lat' dir='ltr'>malleus</span> <span class='ocrx_word' id='word_1_143' title='bbox 1115 1666 1148 1689; x_wconf 91' lang='lat' dir='ltr'>es</span> <span class='ocrx_word' id='word_1_144' title='bbox 1169 1665 1244 1688; x_wconf 90' lang='lat' dir='ltr'>vere</span> 
     </span>
    </p>

    <p class='ocr_par' dir='ltr' id='par_1_12' title="bbox 667 1703 916 1738">
     <span class='ocr_line' id='line_1_27' title="bbox 667 1703 916 1738; baseline 0.012 -3"><span class='ocrx_word' id='word_1_145' title='bbox 667 1703 916 1738; x_wconf 66' lang='lat' dir='ltr'>Haeressicorum.</span> 
     </span>
    </p>
   </div>
   <div class='ocr_carea' id='block_1_9' title="bbox 567 1787 1212 1963">
    <p class='ocr_par' dir='ltr' id='par_1_13' title="bbox 567 1787 1212 1923">
     <span class='ocr_line' id='line_1_28' title="bbox 567 1787 1196 1828; baseline -0.002 -7"><span class='ocrx_word' id='word_1_146' title='bbox 567 1790 597 1821; x_wconf 85' lang='lat'>3.</span> <span class='ocrx_word' id='word_1_147' title='bbox 623 1789 776 1828; x_wconf 84' lang='lat' dir='ltr'>Augendo</span> <span class='ocrx_word' id='word_1_148' title='bbox 800 1787 895 1820; x_wconf 85' lang='lat' dir='ltr'>fidem</span> <span class='ocrx_word' id='word_1_149' title='bbox 921 1791 1030 1821; x_wconf 77' lang='lat' dir='ltr'>contra</span> <span class='ocrx_word' id='word_1_150' title='bbox 1052 1788 1196 1821; x_wconf 86' lang='lat' dir='ltr'>infideles</span> 
     </span>
     <span class='ocr_line' id='line_1_29' title="bbox 621 1835 1212 1876; baseline 0.003 -10"><span class='ocrx_word' id='word_1_151' title='bbox 621 1835 670 1866; x_wconf 90' lang='lat' dir='ltr'>Tu</span> <span class='ocrx_word' id='word_1_152' title='bbox 694 1844 818 1875; x_wconf 85' lang='lat' dir='ltr'>semper</span> <span class='ocrx_word' id='word_1_153' title='bbox 843 1836 925 1868; x_wconf 91' lang='lat' dir='ltr'>idem</span> <span class='ocrx_word' id='word_1_154' title='bbox 949 1837 1065 1876; x_wconf 82' lang='lat' dir='ltr'>satagis</span> <span class='ocrx_word' id='word_1_155' title='bbox 1091 1837 1212 1875; x_wconf 80' lang='lat' dir='ltr'>docere,</span> 
     </span>
     <span class='ocr_line' id='line_1_30' title="bbox 623 1882 1172 1923; baseline 0.004 -10"><span class='ocrx_word' id='word_1_156' title='bbox 623 1882 715 1914; x_wconf 87' lang='lat' dir='ltr'>Vitae</span> <span class='ocrx_word' id='word_1_157' title='bbox 739 1883 886 1923; x_wconf 87' lang='lat' dir='ltr'>perennis</span> <span class='ocrx_word' id='word_1_158' title='bbox 908 1883 1020 1916; x_wconf 88' lang='lat' dir='ltr'>animis</span> <span class='ocrx_word' id='word_1_159' title='bbox 1043 1892 1172 1915; x_wconf 85' lang='lat' dir='ltr'>manere</span> 
     </span>
    </p>

    <p class='ocr_par' dir='ltr' id='par_1_14' title="bbox 667 1929 872 1963">
     <span class='ocr_line' id='line_1_31' title="bbox 667 1929 872 1963; baseline 0.005 -2"><span class='ocrx_word' id='word_1_160' title='bbox 667 1929 872 1963; x_wconf 83' lang='lat' dir='ltr'>Fruitionem.</span> 
     </span>
    </p>
   </div>
   <div class='ocr_carea' id='block_1_10' title="bbox 566 2012 1306 2188">
    <p class='ocr_par' dir='ltr' id='par_1_15' title="bbox 566 2012 1306 2150">
     <span class='ocr_line' id='line_1_32' title="bbox 566 2012 1306 2056; baseline 0.004 -10"><span class='ocrx_word' id='word_1_161' title='bbox 566 2015 597 2046; x_wconf 91' lang='lat'>4.</span> <span class='ocrx_word' id='word_1_162' title='bbox 625 2012 766 2046; x_wconf 81' lang='lat' dir='ltr'>Gloriam</span> <span class='ocrx_word' id='word_1_163' title='bbox 788 2014 897 2046; x_wconf 88' lang='lat' dir='ltr'><strong>mundi</strong></span> <span class='ocrx_word' id='word_1_164' title='bbox 921 2015 1043 2055; x_wconf 88' lang='lat' dir='ltr'>spernis</span> <span class='ocrx_word' id='word_1_165' title='bbox 1070 2017 1306 2056; x_wconf 55' lang='lat' dir='ltr'>contemnenda</span> 
     </span>
     <span class='ocr_line' id='line_1_33' title="bbox 627 2060 1253 2103; baseline 0.006 -12"><span class='ocrx_word' id='word_1_166' title='bbox 627 2060 757 2092; x_wconf 86' lang='lat' dir='ltr'>Carnem</span> <span class='ocrx_word' id='word_1_167' title='bbox 783 2061 933 2093; x_wconf 82' lang='lat' dir='ltr'>lascivam</span> <span class='ocrx_word' id='word_1_168' title='bbox 957 2062 1050 2102; x_wconf 88' lang='lat' dir='ltr'><strong>punis</strong></span> <span class='ocrx_word' id='word_1_169' title='bbox 1071 2063 1253 2103; x_wconf 85' lang='lat' dir='ltr'>jejunando,</span> 
     </span>
     <span class='ocr_line' id='line_1_34' title="bbox 626 2106 1233 2150; baseline 0.003 -11"><span class='ocrx_word' id='word_1_170' title='bbox 626 2106 722 2140; x_wconf 81' lang='lat' dir='ltr'>Nuda</span> <span class='ocrx_word' id='word_1_171' title='bbox 747 2111 778 2139; x_wconf 77' lang='lat' dir='ltr'>et</span> <span class='ocrx_word' id='word_1_172' title='bbox 799 2108 893 2140; x_wconf 89' lang='lat' dir='ltr'>humo</span> <span class='ocrx_word' id='word_1_173' title='bbox 920 2109 1054 2141; x_wconf 71' lang='lat' dir='ltr'>conteris</span> <span class='ocrx_word' id='word_1_174' title='bbox 1079 2110 1233 2150; x_wconf 83' lang='lat' dir='ltr'>cubando,</span> 
     </span>
    </p>

    <p class='ocr_par' dir='ltr' id='par_1_16' title="bbox 669 2154 954 2188">
     <span class='ocr_line' id='line_1_35' title="bbox 669 2154 954 2188; baseline 0.007 -2"><span class='ocrx_word' id='word_1_175' title='bbox 669 2154 762 2186; x_wconf 81' lang='lat' dir='ltr'>Felix</span> <span class='ocrx_word' id='word_1_176' title='bbox 786 2164 804 2187; x_wconf 92' lang='lat' dir='ltr'>o</span> <span class='ocrx_word' id='word_1_177' title='bbox 836 2155 954 2188; x_wconf 77' lang='lat' dir='ltr'>doctor.</span> 
     </span>
    </p>
   </div>
   <div class='ocr_carea' id='block_1_11' title="bbox 569 2239 1270 2414">
    <p class='ocr_par' dir='ltr' id='par_1_17' title="bbox 569 2239 1270 2414">
     <span class='ocr_line' id='line_1_36' title="bbox 569 2239 1211 2284; baseline 0.003 -12"><span class='ocrx_word' id='word_1_178' title='bbox 569 2241 599 2272; x_wconf 90' lang='lat'>5.</span> <span class='ocrx_word' id='word_1_179' title='bbox 627 2239 757 2280; x_wconf 87' lang='lat' dir='ltr'>Semper</span> <span class='ocrx_word' id='word_1_180' title='bbox 781 2240 813 2272; x_wconf 87' lang='lat' dir='ltr'><strong>in</strong></span> <span class='ocrx_word' id='word_1_181' title='bbox 838 2241 905 2273; x_wconf 81' lang='lat' dir='ltr'>vita</span> <span class='ocrx_word' id='word_1_182' title='bbox 928 2241 1049 2281; x_wconf 89' lang='lat' dir='ltr'>reliqua</span> <span class='ocrx_word' id='word_1_183' title='bbox 1073 2242 1211 2284; x_wconf 86' lang='lat' dir='ltr'>vivebas,</span> 
     </span>
     <span class='ocr_line' id='line_1_37' title="bbox 625 2287 1270 2332; baseline 0.005 -14"><span class='ocrx_word' id='word_1_184' title='bbox 625 2287 656 2318; x_wconf 87' lang='lat' dir='ltr'>A</span> <span class='ocrx_word' id='word_1_185' title='bbox 678 2288 754 2319; x_wconf 81' lang='lat' dir='ltr'>viris</span> <span class='ocrx_word' id='word_1_186' title='bbox 778 2288 896 2319; x_wconf 79' lang='lat' dir='ltr'>sanetis</span> <span class='ocrx_word' id='word_1_187' title='bbox 922 2288 1045 2320; x_wconf 80' lang='lat' dir='ltr'>caelebs</span> <span class='ocrx_word' id='word_1_188' title='bbox 1068 2289 1270 2332; x_wconf 77' lang='lat' dir='ltr'>nuncuparis,</span> 
     </span>
     <span class='ocr_line' id='line_1_38' title="bbox 625 2334 1155 2375; baseline 0.008 -11"><span class='ocrx_word' id='word_1_189' title='bbox 625 2334 767 2366; x_wconf 86' lang='lat' dir='ltr'>Artubus</span> <span class='ocrx_word' id='word_1_190' title='bbox 791 2335 889 2366; x_wconf 79' lang='lat' dir='ltr'>saeris</span> <span class='ocrx_word' id='word_1_191' title='bbox 913 2335 1001 2375; x_wconf 85' lang='lat' dir='ltr'>puris</span> <span class='ocrx_word' id='word_1_192' title='bbox 1026 2336 1155 2368; x_wconf 86' lang='lat' dir='ltr'>sociaris</span> 
     </span>
     <span class='ocr_line' id='line_1_39' title="bbox 674 2380 922 2414; baseline 0.008 -2"><span class='ocrx_word' id='word_1_193' title='bbox 674 2380 804 2413; x_wconf 84' lang='lat' dir='ltr'>Gaudiis</span> <span class='ocrx_word' id='word_1_194' title='bbox 829 2382 922 2414; x_wconf 83' lang='lat' dir='ltr'>vitae.</span> 
     </span>
    </p>
   </div>
  </div>
 </body>
</html>
