1651 2518
792 120 1044 155 —192—

671 210 737 241 329.
779 211 818 240 De
838 210 946 240 sancta
964 210 1146 241 Katharina.

787 275 834 304 Ad
851 275 1041 305 Nocturnum.

276 344 305 376 1.
333 345 454 376 Psallat
480 344 591 375 chorus
617 343 767 374 ecclesiae

328 391 419 422 Diem
446 391 550 422 colens
575 390 724 430 laetitiae,

327 437 394 475 Qua
418 438 507 475 virgo
532 436 746 467 sacratissima

326 483 437 523 Regna
462 482 646 514 conscendit
672 481 798 514 coelica.

270 540 300 570 2.
326 540 411 578 Quae
436 538 573 570 carceris
599 537 756 576 ergastulo

326 586 355 616 A
382 586 517 618 Caesare
541 583 703 615 Maxentio

325 632 388 663 Pro
415 630 531 662 Christi
555 634 643 661 trusa
666 629 790 660 nomine

328 676 462 709 Coelesti
486 679 598 707 vernat
617 676 740 714 jubare.

268 734 298 765 3.
324 732 491 772 ⁷i'irgarum
517 739 609 763 caesa
631 731 763 763 vulnere

326 778 397 810 Hoc
420 778 543 816 accepit
565 778 599 808 in
624 786 762 817 munere,

326 826 414 864 Quod
430 824 572 857 Christus
586 825 670 856 hanc
683 833 750 856 cum
766 826 885 865 angelis

324 872 483 903 Revisitat
505 872 537 902 in
564 872 707 905 vinculis.

265 929 301 960 4.
329 928 483 960 Columba
505 928 602 959 missa
627 928 756 960 coelitus

325 975 417 1006 Escis
443 973 530 1006 fovet
556 974 715 1015 divinitus,

326 1021 375 1053 Ac
400 1021 543 1053 residens
567 1021 700 1060 imperio

323 1068 472 1108 Jungitur
498 1068 563 1106 ojus
589 1069 714 1108 gaudio.

944 344 974 375 5.
1001 343 1159 374 Producta
1182 346 1257 373 tunc
1281 351 1319 373 ex
1344 340 1477 372 vinculis

1000 389 1093 420 Patet
1117 392 1257 420 rotarum
1283 387 1419 427 circulis,

999 435 1184 473 Inprompte
1207 435 1264 466 sed
1288 435 1326 466 ab
1352 433 1462 473 angelo

999 480 1124 511 Necant
1146 481 1260 512 multos
1286 490 1324 512 ex
1348 480 1474 520 populo.

967 561 973 567 .
999 536 1190 575 Imperatrix
1208 536 1333 576 egregia

999 583 1117 614 Marito
1141 582 1266 622 profert
1288 583 1380 614 talia:

1000 629 1082 668 Quid
1107 632 1217 661 contra
1239 629 1340 661 Deum
1365 629 1485 670 niteris,

1000 676 1121 707 Auctor
1144 676 1240 708 totius
1265 676 1403 709 sceleris,

967 756 974 764 .
996 731 1135 763 Uxorem
1159 741 1228 763 cum
1250 732 1428 772 Porphyrio

1000 778 1096 811 Jubet
1119 788 1191 811 mox
1218 780 1287 811 dari
1312 779 1425 821 gladio,

1003 824 1145 857 Carceris
1171 835 1240 857 cum
1266 826 1445 858 custodibus

1000 873 1050 903 Ac
1075 872 1216 904 ducentis
1241 873 1402 906 militibus

967 955 973 962 .
1001 929 1062 960 Per
1088 929 1182 961 verba
1208 938 1316 961 sacrae
1340 929 1468 969 virginis

999 976 1096 1008 Unda
1117 975 1240 1015 profusi
1263 976 1432 1016 sanguinis,

1000 1022 1156 1062 Baptismi
1179 1024 1237 1055 loti
1260 1024 1385 1056 lavacro

999 1069 1140 1101 Vernant
1164 1079 1275 1102 cruore
1298 1078 1397 1102 roseo.

659 1125 689 1156 9.
717 1124 765 1156 Sit
788 1125 855 1165 regi
882 1126 975 1157 decus
996 1125 1160 1165 virginum,

718 1171 854 1214 Christo,
881 1171 995 1204 factori
1018 1172 1165 1214 omnium,

717 1219 775 1257 Qui
800 1219 996 1251 Katharinae
1020 1219 1150 1259 gloriam

719 1265 812 1298 Coelo
838 1265 926 1298 dedit
950 1264 1117 1300 lucifluam.

336 1330 425 1357 Psalt.
453 1338 505 1357 ms.
527 1329 670 1358 Oculense
697 1339 771 1358 saec.
799 1329 842 1358 14.
865 1330 932 1359 Cod.
953 1330 1038 1358 Areh.
1059 1331 1126 1358 Nat.
1146 1332 1291 1359 Matriten.
1312 1332 1335 1358 Β
1361 1328 1437 1358 3--4
1455 1331 1488 1358 A.
1514 1346 1550 1351 —

263 1368 306 1394 Br·
319 1376 346 1393 v.
366 1376 418 1394 ms.
440 1375 515 1395 sane.
539 1365 582 1394 14.
605 1367 672 1395 Cod.
686 1369 780 1396 Palat.
794 1369 941 1396 Matriten.
963 1366 1018 1396 214
1036 1367 1137 1403 (2132).
1158 1370 1190 1397 B.
1208 1384 1240 1388 —
1256 1370 1358 1397 Diurn.
1380 1377 1431 1396 ms.
1445 1369 1549 1404 Legio-

261 1414 351 1432 ncnsr
376 1414 450 1433 saec.
479 1403 522 1432 15.
550 1405 618 1433 Cod.
648 1405 740 1442 Capit.
766 1407 924 1443 Legionen.
948 1403 993 1433 36.
1016 1406 1045 1433 C.
1065 1420 1103 1424 —
1122 1406 1178 1434 Str.
1206 1406 1223 1434 5
1250 1407 1323 1434 fehlt
1340 1406 1373 1434 Β.
1396 1420 1429 1424 -
1450 1406 1505 1434 Str.
1531 1404 1548 1434 S

259 1442 333 1470 fehlt
351 1444 384 1470 B.

665 1534 731 1567 330.
772 1534 814 1566 De
833 1536 941 1567 sancta
961 1534 1148 1566 Katharina.

266 1606 295 1639 1.
324 1605 459 1646 Christe,
487 1608 581 1644 caput
606 1605 767 1645 ecclesiae,

319 1652 404 1683 Fons
431 1651 521 1684 vivus
545 1652 754 1692 innocentiae,

322 1699 510 1740 Katharina,
536 1702 568 1730 te
592 1700 760 1738 poscimus,

322 1746 425 1778 Tuere
449 1755 506 1778 nos
531 1747 698 1786 propitius.

264 1805 293 1836 2.
322 1803 445 1843 Sponsa
470 1802 588 1834 Christi
612 1812 649 1834 ac
674 1803 817 1843 provida,

320 1850 429 1881 Virilis
455 1852 558 1881 tactus
582 1850 697 1893 nescia,

319 1897 381 1928 Pro
406 1896 496 1929 nobis
521 1905 616 1936 prece
641 1898 751 1929 sedula

317 1944 470 1983 Rogando
497 1943 655 1975 Christum
682 1945 835 1983 supplica.

937 1606 968 1638 3.
995 1604 1044 1636 Ne
1069 1615 1125 1637 nos
1149 1605 1311 1645 permittat
1334 1605 1451 1637 saeculi

995 1652 1098 1691 HuJ'us
1123 1661 1161 1683 ex
1185 1653 1267 1683 mole
1292 1652 1419 1693 conteri,

996 1698 1058 1731 Sed
1083 1709 1139 1731 nos
1165 1699 1207 1730 ad
1231 1700 1333 1731 locum
1358 1698 1520 1738 subvehat,

995 1746 1030 1778 In
1057 1756 1117 1786 quo
1141 1747 1195 1778 lux
1220 1747 1299 1778 lucis
1324 1747 1436 1778 luceat.

940 1804 970 1835 4.
998 1803 1047 1835 Sit
1069 1803 1138 1834 laus
1163 1803 1247 1842 patri
1272 1812 1341 1834 cum
1365 1801 1430 1834 filio

996 1850 1189 1890 spirituique
1210 1850 1325 1890 valido,

995 1897 1101 1937 Atque
1125 1898 1225 1930 servis
1250 1897 1291 1929 sit
1316 1896 1418 1938 gratia

992 1944 1037 1976 Et
1061 1944 1100 1975 ab
1126 1945 1247 1984 agendo
1269 1945 1379 1984 gloria.

334 2008 423 2035 Psalt.
441 2007 639 2035 Pallantinum
658 2009 728 2043 imp.
749 2009 888 2036 Lucronii
911 2006 992 2035 1512.

663 2096 723 2127 331.
761 2097 805 2128 De
824 2096 932 2128 sancta
952 2096 1139 2127 Katharina.

805 2163 853 2192 Ad
875 2162 1003 2192 Laudes.

258 2231 288 2261 1.
316 2230 478 2269 Hymnum
503 2230 621 2261 novelli
646 2231 792 2261 carminis

316 2275 472 2307 Canamus
496 2276 588 2306 laetis
613 2276 753 2314 vocibus,

313 2322 360 2353 Ut
382 2321 578 2353 Katharinae
602 2323 733 2361 virginis

313 2366 496 2398 Exsultat
513 2368 659 2399 coelum
675 2369 870 2399 laudibus.

934 2230 964 2261 2.
993 2229 1159 2260 Cum-entes
1186 2230 1253 2267 ejus
1277 2232 1396 2263 semitis

992 2276 1077 2307 Coeli
1103 2284 1288 2314 quaeramus
1312 2280 1464 2323 praemia,

989 2321 1112 2352 Dentur
1136 2323 1171 2351 ut
1196 2323 1261 2360 ejus
1287 2324 1409 2356 meritis

987 2367 1115 2399 Beata
1138 2369 1259 2400 nobis
1284 2372 1448 2409 gaudia.
