1651 2518
833 135 1083 170 —148—

587 234 619 265 2.
644 233 748 264 Antra
774 232 891 263 deserti
913 233 1079 270 penetrare
1104 235 1206 263 certus

643 279 774 311 Deseris
797 279 948 310 mundum
970 277 1029 309 tibi
1051 278 1275 320 blandientem,

644 326 797 364 Noveras,
824 324 932 365 quanti
955 333 1036 356 vana
1059 325 1121 356 sint
1146 325 1289 357 habenda

693 372 828 404 Nomina
851 370 969 404 mundi.

590 440 620 472 3.
648 439 680 471 Si
702 438 793 477 Juvat
817 437 915 470 fortes
940 436 1060 476 aliquos
1085 445 1214 476 eremus,

648 485 764 517 Sancta
789 485 845 517 das
870 484 933 516 illis
961 483 1145 515 documenta
1165 483 1259 525 vitae,

647 532 805 564 Aestimas
826 531 950 563 foenum
976 530 1117 569 peritura
1141 533 1262 570 cuncta,

695 579 817 619 Angele
842 580 937 610 certe.

593 648 625 678 4.
651 645 698 677 Te
722 644 768 676 tui
791 644 885 684 servi,
909 642 1088 674 venerande
1112 641 1248 681 praesul,

647 693 806 724 Adsumus
828 690 921 730 Justis
944 689 1092 729 precibus
1116 691 1271 731 rogantes,

651 739 809 770 Praebeas
833 741 957 769 sanctos
981 737 1120 767 retinere
1142 744 1256 775 mores,

696 785 778 824 Quos
805 784 947 816 docuisti.

594 854 624 886 5.
650 852 706 893 Te,
734 851 818 882 Deus
843 849 978 888 simplex
1001 849 1185 888 pariterque
1209 848 1301 887 trine,

650 898 812 930 Laudibus
837 896 963 929 summis
990 897 1157 927 veneratur
1181 894 1276 933 orbis,

649 945 708 985 Qui
729 945 824 984 ,iubar
848 947 968 976 tantum
993 942 1121 974 radiare
1145 942 1261 973 mundo

698 993 751 1024 Sic
775 991 911 1023 voluisti.

400 1059 484 1086 BreV.
501 1057 556 1084 FF.
579 1056 607 1084 S.
631 1057 799 1091 Hieronymi
821 1058 889 1091 imp.
910 1054 1042 1090 Lugduni
1066 1051 1146 1080 1547.
1166 1053 1200 1080 A.
1222 1068 1258 1072 —
1276 1053 1360 1080 Brev.
1380 1051 1435 1079 FF.
1457 1050 1485 1077 S.
1505 1052 1610 1079 Hiero-

324 1097 403 1131 nymi
423 1097 491 1130 imp.
513 1094 762 1130 Caesaraugustae
785 1091 865 1121 1562.
885 1093 918 1120 B.

729 1241 796 1271 248.
837 1240 879 1270 De
898 1239 1004 1269 saneto
1025 1237 1223 1276 Hieronymo.

849 1326 883 1354 In
902 1323 928 1352 2.
949 1324 1095 1360 Vesperis.

556 1413 584 1447 1.
608 1413 777 1445 Exsultent
799 1412 934 1444 modulis
959 1411 1065 1443 sobria
1087 1414 1228 1450 pectora,

612 1460 757 1499 Purgatis
782 1460 894 1491 animis
919 1458 983 1490 sint
1006 1467 1087 1490 nova
1110 1458 1234 1498 gaudia,

611 1506 729 1546 Magna
751 1515 824 1537 nam
849 1505 996 1547 canimus,
1023 1514 1084 1545 qua
1108 1505 1162 1545 pia
1185 1514 1349 1544 possumus

660 1553 776 1585 Nostro
801 1562 891 1585 sacra
913 1552 1117 1592 Hieronymo.

557 1622 589 1652 2.
613 1619 676 1650 Hic
699 1619 819 1658 primus
845 1619 956 1650 colitur
982 1620 1114 1657 quatuor
1137 1618 1285 1659 amnium,

614 1666 695 1705 Quos
720 1666 810 1697 nobis
832 1665 945 1697 tribuit
968 1663 1038 1696 fons
1062 1665 1256 1704 paradiseus,

615 1712 708 1752 Legis
732 1713 785 1752 qui
808 1715 929 1752 segetes
952 1712 1083 1743 coelitus
1106 1712 1218 1752 irrigat

664 1759 830 1791 Manentes
855 1767 915 1799 ope
934 1758 1079 1791 numinis.

560 1826 591 1859 3.
615 1826 682 1858 Aut
704 1823 797 1856 flores
822 1825 876 1856 alii
899 1832 1031 1864 pomave
1051 1824 1195 1865 mystica,

617 1873 683 1904 Aut
705 1875 814 1903 nectar
838 1870 980 1903 referunt
1003 1871 1059 1902 sub
1084 1880 1165 1903 nuce
1189 1872 1359 1912 conditum,

619 1918 682 1950 Sed
706 1921 813 1951 noster
837 1917 975 1958 stipitem
1001 1917 1133 1949 firmiter
1157 1919 1279 1962 asserit,

666 1965 731 2004 Quo
756 1965 852 1997 robur
876 1965 959 1996 ferat
983 1965 1099 1997 arbori.

562 2033 593 2064 4.
619 2031 748 2070 Quantis
772 2034 807 2062 tu
829 2030 950 2062 meritis
974 2031 1115 2069 praemia
1140 2040 1313 2072 comparas,

619 2078 702 2110 Dum
724 2078 822 2110 vertis
844 2077 921 2110 fidei
945 2086 1036 2109 saera
1055 2079 1225 2118 volumina,

623 2125 785 2157 Convulsis
809 2125 934 2165 penitus
960 2124 1099 2156 sentibus
1123 2125 1288 2157 haeresum

667 2173 787 2212 Purgas
811 2174 919 2204 sancta
943 2172 1077 2204 novalia.

566 2242 595 2272 5.
623 2238 733 2270 Vultus
756 2238 923 2278 Aethiopis
947 2237 1028 2269 silva
1050 2238 1239 2280 perhorruit,

622 2286 707 2324 Quae
729 2294 803 2318 vero
827 2285 928 2323 latuit,
955 2293 1041 2315 mens
1067 2288 1136 2316 erat
1157 2286 1271 2325 angeli,

621 2334 738 2373 Papae,
765 2342 857 2372 quam
881 2331 1011 2371 negligis
1037 2340 1160 2372 corpus,
1185 2335 1221 2363 ut
1245 2332 1357 2365 affluas

670 2380 817 2413 Aeternis
841 2379 933 2412 modo
958 2377 1122 2412 fructibus
