1651 2518
672 110 903 146 —95—

140 208 171 240 5.
197 207 292 240 Unde
316 208 436 240 nullum
462 208 622 239 oraculum
815 209 845 241 6.
872 207 1121 245 Bartholomaee,
1146 205 1294 237 incendia

198 254 305 286 Dabat
329 255 393 287 suis
417 254 565 293 precibus
873 256 941 287 Tua
965 256 1109 294 potenter
1132 261 1266 292 remove,

197 300 269 333 Jam
293 302 425 343 magniS‚
449 302 564 333 clamat
588 303 746 334 saeculum
877 302 924 334 Sit
948 305 1057 333 nostra
1084 302 1138 331 tua
1162 300 1264 339 India,

199 347 302 380 Celeri
326 349 384 380 sed
408 348 596 388 mugitibus:
875 348 987 381 Servos
1009 349 1072 388 jam
1098 347 1161 378 ista
1186 345 1325 379 confove.

564 407 594 437 7.
624 406 684 439 Uni
709 406 776 437 Deo
802 406 844 437 sit
867 405 1022 445 gaudium.

215 469 297 496 Brev.
325 469 590 506 Compostellanum
618 478 692 497 saec.
730 468 772 497 15.
799 469 866 497 Ood.
894 470 984 505 Capit.
1012 468 1194 503 Gompostell.
1224 477 1246 495 s.
1277 477 1304 495 n.
1333 468 1366 495 A.

139 506 223 533 Brev.
258 503 524 542 compostellanum
556 508 624 543 imp.
649 508 821 544 Ulisiponae
856 505 935 534 1497.
962 508 992 533 13.
1024 521 1059 525 —
1086 507 1168 533 Brev.
1193 506 1334 533 Auriense
1365 508 1433 541 imp.

141 543 337 572 Salmanticae
360 542 441 572 1501.
463 545 494 571 Ο.
575 542 600 578 1,
620 543 639 571 2
659 554 729 573 auro
749 544 872 572 rutilans
891 545 950 572 AB.
971 560 1008 564 —
1027 543 1054 577 2,
1076 543 1091 571 1
1108 544 1170 579 jam
1188 544 1261 571 fehlt
1280 544 1343 578 1303
1364 543 1434 570 fides

141 581 214 608 fehlt
234 582 267 609 A.
289 597 325 601 —
346 580 379 615 3,
399 580 419 609 4
438 583 531 610 Deum
552 590 639 619 quam
658 582 798 618 sopodere
817 582 879 617 AB;
907 583 1001 610 Deum
1022 590 1127 619 quasso
1149 581 1178 609 Ο.
1198 597 1237 601 -
1254 580 1280 616 4,
1302 579 1320 609 3
1340 582 1435 617 Cepit-

142 626 198 654 que
211 619 296 647 ABG.
315 634 353 638 -
373 619 399 656 5,
420 618 437 646 2
457 620 529 647 fehlt
548 622 611 647 eine
625 619 719 655 Silbe3
740 620 794 646 lies
809 621 1009 655 precantibus?
1033 635 1065 639 ——
1086 618 1112 653 5,
1132 617 1150 647 3
1170 620 1276 647 clamat
1288 619 1434 646 sacculum

141 656 175 690 A,
196 656 342 684 sacculum
361 658 394 685 B.
415 671 451 675 —
472 656 497 691 5,
518 655 537 684 4
552 657 628 685 Cleri
648 658 698 685 ¹3ed
718 655 877 692 mugitibus
900 657 930 684 C.

559 785 617 816 137.
656 786 699 817 De
719 786 825 817 sancto
845 785 1017 817 Benedicto.

633 862 682 891 Ad
700 863 787 899 Vesp.
808 865 839 892 et
858 862 942 892 Κορὲ.

148 938 179 972 1.
205 938 412 970 Benedictum
435 939 658 971 monachorum
821 941 852 972 4.
880 939 960 970 Nam
985 939 1150 981 praedicit,
1177 940 1252 979 quid
1278 938 1415 971 futurum

252 985 426 1017 Veneretur
451 986 557 1017 concio
926 986 1026 1018 Foret
1050 986 1116 1025 regi
1141 986 1273 1026 Totilae,

204 1031 248 1063 Et
271 1032 303 1062 in
328 1035 420 1071 patre
443 1031 578 1063 filiorum
878 1032 1022 1064 Intuetur
1046 1042 1099 1065 cor
1122 1033 1288 1064 obscurum

253 1080 425 1110 Ace-rescat
451 1078 583 1122 devotio,
924 1079 968 1111 Et
991 1079 1262 1119 inperserutabile,

203 1125 269 1163 Quo
295 1126 395 1157 erevit
416 1125 449 1156 in
473 1125 524 1157 via
548 1135 668 1157 morum
881 1126 1051 1158 Praevidet
1075 1135 1109 1157 se
1132 1127 1316 1158 moriturum

248 1171 365 1204 Sancta
388 1173 592 1204 conversatio.
924 1173 1060 1213 Tempus
1085 1173 1211 1213 signans
1235 1174 1341 1206 labile.

147 1229 178 1259 2.
205 1227 312 1259 Sacris
337 1228 438 1260 literis
462 1228 599 1260 imbutus
821 1230 851 1261 5.
876 1229 936 1261 Via
958 1228 1050 1261 fratri
1074 1229 1233 1262 revelatur

252 1274 342 1306 Statu
367 1274 522 1314 pueritiae
926 1275 1081 1308 Gorrusca
1103 1276 1312 1316 lampadibus,

204 1321 279 1352 Vias
303 1325 426 1361 patrum
454 1324 500 1352 est
525 1325 649 1354 secutus
880 1322 947 1361 Qua
967 1323 1016 1354 vir
1040 1325 1166 1355 sanctus
1193 1323 1380 1363 deportatur

254 1368 344 1400 Dono
369 1368 552 1408 sapientiae,
926 1370 956 1400 A
979 1370 1124 1409 supernis
1150 1369 1269 1401 civibus

203 1415 280 1446 Post
302 1424 322 1446 a
346 1415 413 1447 Deo
439 1416 625 1446 constitutus
878 1416 923 1447 Et.
945 1416 979 1447 in
1004 1418 1090 1449 coelo
1116 1417 1287 1448 collocatur

251 1461 402 1494 Praeesse
429 1460 576 1493 familiae.
927 1462 1001 1495 Cum
1027 1463 1154 1495 summis
1178 1464 1382 1503 principibus.

147 1518 178 1549 3.
202 1516 318 1549 Servus
343 1517 482 1557 prudens
509 1521 540 1549 et
562 1517 667 1550 fidelis
819 1520 850 1551 6.
877 1519 955 1559 Regi
980 1528 1088 1560 regum
1112 1520 1280 1551 immortali

251 1565 289 1596 In
311 1565 471 1596 lucernam
495 1565 624 1607 positus,
925 1566 1044 1606 Honor,
1070 1568 1148 1606 laus,
1174 1567 1349 1607 imperium,

208 1610 300 1643 Vitae
322 1611 401 1643 Liae
425 1612 475 1643 vel
501 1612 649 1644 Rachelis
879 1612 939 1651 Qui
965 1613 1019 1645 det
1042 1613 1132 1646 nobis
1157 1614 1236 1645 tanti
1262 1614 1337 1646 mali

251 1658 442 1690 Alternatim
468 1659 602 1698 deditus,
928 1660 1062 1692 Vincere
1083 1659 1290 1700 naufragium,

205 1705 302 1744 Quem
328 1708 459 1737 exornat
483 1705 636 1738 Samuelis
880 1706 926 1738 Ut
951 1715 1020 1738 cum
1044 1707 1150 1747 palma
1173 1707 1357 1747 triumphali

253 1751 455 1792 Prophetalis
480 1753 620 1791 spiritus.
927 1753 1029 1785 Detur
1053 1753 1144 1785 nobis
1169 1755 1349 1793 praemium.

219 1816 305 1844 Brev.
325 1825 378 1844 ms.
393 1817 421 1845 S.
436 1816 586 1844 Benedicti
600 1817 805 1845 Vallisoletani
825 1825 898 1845 saec.
922 1816 964 1845 14.
980 1818 1047 1846 God.
1062 1818 1220 1847 Scorialen.
1234 1819 1297 1847 PII.
1315 1819 1337 1847 1.
1357 1821 1385 1848 A.

141 1854 226 1881 BreV.
252 1853 281 1881 S.
309 1855 460 1882 Benedicti
486 1854 681 1882 Valisoletani
710 1857 779 1890 imp.
805 1855 960 1883 Valisoleti
992 1854 1071 1884 1538.
1098 1857 1130 1883 B.
1157 1872 1190 1876 —
1220 1856 1276 1884 Str.
1304 1856 1376 1886 1—4
1402 1857 1438 1886 ad

142 1892 295 1927 Vesperas,
317 1890 334 1920 5
355 1893 392 1920 ad
410 1892 495 1920 Noet.

562 2011 624 2044 138.
663 2013 706 2044 De
727 2012 833 2044 saneto
861 2012 1027 2045 Benedicto.

507 2091 659 2124 Conditor
682 2100 787 2123 rerum
812 2092 957 2132 omnium,
984 2092 1079 2133 Deus,

504 2139 600 2171 Lucis
625 2139 722 2180 origo,
748 2139 874 2170 luminis
899 2140 1038 2181 verbum,

506 2186 702 2226 Redemptor
726 2186 822 2226 orbiS,
849 2185 919 2218 fons
944 2187 1127 2231 animarum,

506 2234 623 2266 Pastor
645 2237 801 2277 aeterum,
826 2233 1053 2270 immaculatus

212 2299 296 2327 Brev.
323 2309 375 2327 ms.
402 2299 596 2335 Hispanicum
622 2308 697 2327 saec.
719 2296 792 2326 ¹1l12.
820 2298 888 2327 Cod.
913 2299 1074 2328 Londinen.
1095 2300 1166 2328 Add.
1192 2299 1228 2330 30
1240 2301 1304 2330 845.
1325 2319 1333 2323 -
1357 2304 1440 2332 »Der

138 2337 216 2365 volle
239 2338 315 2365 Text
339 2347 392 2366 aus
418 2337 491 2365 eben
517 2337 612 2365 dieser
641 2337 744 2371 Quelle
769 2336 847 2364 steht
871 2337 954 2365 Anal.
975 2338 1048 2373 XH,
1075 2336 1121 2366 86.
1160 2340 1231 2368 Dies
1254 2341 1375 2370 Brevier
1400 2343 1441 2370 ist

139 2375 321 2413 keineswegs
340 2375 581 2404 Mozarabischen
600 2376 694 2404 Ritus.
