1651 2518
695 95 946 131 -212-

573 207 637 238 368.
676 207 719 237 Dc
739 206 850 236 sancta
867 204 1056 244 margareta.

724 271 771 301 Ad
790 271 915 301 Laudes.

184 342 212 374 1.
240 341 334 380 Cujus
358 341 501 372 membra
525 340 736 380 pulcherrima
856 341 886 372 3.
913 338 984 370 Non
1010 340 1090 371 enim
1115 341 1220 379 potest
1244 346 1372 370 cernere

240 388 315 419 Alto
343 388 484 427 pendent
505 387 538 418 in
561 396 644 427 aere,
912 385 1060 417 Dolorem
1082 386 1174 425 hujus
1200 386 1340 425 virginiS,

242 433 287 466 Et
310 438 384 466 tunc
407 442 515 466 manus
540 433 727 472 nequissima
912 432 956 463 Et
980 432 1053 471 quia
1077 441 1136 463 non
1163 433 1231 463 vult
1254 432 1380 475 nubere,

246 480 404 521 Flagellat
426 481 507 512 hanc
530 481 561 512 in
587 488 727 520 corpore.
911 479 1071 510 Mactatur
1096 487 1209 517 corpus
1232 479 1391 517 martyris.

189 538 219 569 2.
246 536 377 577 Sanguis
402 536 468 574 ejus
487 536 629 568 innoxius
855 537 887 568 4.
914 535 1053 574 Praesta,
1079 537 1171 573 pater
1191 534 1332 574 piissime

244 583 305 614 Per
329 585 444 614 terram
468 583 550 613 male
574 581 726 622 funditur,
916 581 1065 621 Patrique
1089 590 1216 620 compar
1240 582 1340 621 unice,

242 629 286 660 Et
309 628 486 668 praefectus
512 628 658 669 Olybrius
914 628 991 660 Cum
1014 628 1127 667 spiritu
1152 628 1305 667 paraclito

239 675 276 706 In
300 676 388 707 vultu
411 675 524 714 pannis
549 676 673 714 tegitur.
910 675 1055 714 Regnans
1080 683 1138 714 per
1162 683 1252 706 omne
1273 676 1438 708 saeculum.

260 739 342 767 Brev.
369 748 420 767 ms.
439 739 598 767 Illerdense
624 747 697 767 saec.
719 737 763 767 14.
785 739 852 767 Cod.
874 739 967 773 Capit.
986 739 1119 766 Illerden.
1141 736 1184 766 12.
1204 740 1238 767 A.
1259 755 1294 760 —
1315 740 1398 767 Brev.
1419 749 1471 768 ms.

181 776 339 804 Illa-denne
365 778 433 804 anni
460 774 540 804 1451.
563 776 622 804 Cod
652 776 744 812 Capit.
764 776 897 804 Illerden.
923 785 944 803 s.
965 786 993 804 n.
1013 777 1044 803 B.
1068 792 1102 796 r-
1123 777 1208 804 Brev.
1227 777 1384 805 Illerdense
1402 778 1470 813 imp.

182 813 307 841 Illerdae
331 812 410 841 1479.
432 813 463 841 G.
483 828 517 833 -—
539 815 623 842 Brev.
643 814 801 842 Illerdense
818 815 887 849 imp.
908 822 950 841 ca.
962 811 1043 842 1533.
1062 814 1098 842 D.
1120 828 1153 833 -
1176 812 1203 849 2,
1223 812 1241 843 3
1253 815 1296 842 Ut
1313 816 1473 851 praefectus

183 851 242 878 OD.
268 866 305 870 —
333 848 359 884 3,
386 850 406 879 4
432 859 534 887 corpus
557 852 679 888 virginis
701 851 730 879 G.
756 866 791 870 —
817 851 879 879 Das
898 852 971 880 Lied
991 852 1030 878 ist
1049 851 1332 881 selbstverstandlich
1351 861 1406 880 nur
1426 854 1472 880 ein

180 887 246 916 Teil
264 888 314 916 des
333 890 462 925 vorigen.

558 1007 622 1039 369.
660 1007 703 1039 De
721 1017 746 1039 s.
766 1008 865 1039 Maria
884 1006 1083 1048 Aegyptiaca.

673 1075 708 1104 In
729 1074 817 1112 Vesp.
837 1077 866 1103 et
884 1074 976 1104 Laud.

188 1141 218 1173 1.
244 1140 349 1172 Maria
371 1142 576 1181 Aegyptiaca,
859 1143 890 1176 3.
917 1143 1093 1174 Attendens
1117 1142 1332 1181 solertissima,

245 1187 331 1226 Quae
351 1190 399 1219 tot
423 1189 575 1220 commisit
601 1188 726 1228 delicta,
915 1190 967 1221 Ad
992 1192 1190 1228 peccatorum
1216 1188 1355 1230 vulnera,

245 1233 305 1265 Dei
332 1242 499 1274 conspersa
523 1236 624 1275 gratia
915 1235 1015 1268 Fudit
1032 1236 1101 1268 Deo
1125 1237 1305 1275 precamina

244 1280 398 1313 Lacrimis
422 1281 508 1313 lavat
531 1281 660 1314 foetida.
916 1283 976 1314 Pro
999 1282 1195 1322 adquirenda
1217 1284 1319 1318 venia.

186 1337 219 1369 2.
245 1336 380 1376 Impleta
404 1337 465 1369 Dei
488 1338 600 1378 gratia,
859 1340 890 1371 4.
916 1338 1021 1369 Mater
1044 1338 1105 1369 Dei
1128 1338 1250 1378 eximia,

246 1383 413 1415 Poenitens
438 1384 478 1415 <le
500 1384 649 1424 nequitia,
916 1385 1013 1424 Virgo
1038 1384 1309 1426 excellentissuma,

249 1430 453 1462 Perscrutans
479 1431 581 1462 cordis
607 1432 728 1463 viscera
916 1431 977 1462 Per
1001 1433 1033 1462 te
1057 1430 1185 1463 obtenta
1207 1433 1310 1472 gratia

248 1476 416 1509 Tundcbat
439 1486 473 1508 se
495 1486 554 1517 per
575 1477 694 1509 intima.
915 1477 1089 1509 Deleantur
1113 1478 1263 1511 facinora.

577 1536 607 1567 5.
630 1534 709 1574 Regi
733 1542 838 1573 regum
864 1535 906 1565 sit
928 1533 1028 1573 gloria

630 1581 692 1613 Pro
715 1581 866 1612 immensa
891 1580 1064 1620 clementia,

632 1627 692 1667 Qui
716 1627 823 1666 culpas
846 1630 877 1658 et
899 1627 1056 1666 supplicia

634 1674 782 1706 Remittit
805 1679 837 1705 et
861 1674 916 1706 dat
938 1674 1085 1713 praemia.

260 1737 351 1765 Psalt.
371 1737 568 1766 Pallentinum
587 1740 655 1774 imp.
675 1739 814 1766 Lucronii
836 1736 916 1765 1512.
955 1738 1039 1766 Mel.:
1059 1739 1177 1767 Aeterni
1195 1741 1287 1776 patris
1307 1742 1398 1768 unice.

567 1865 632 1897 370.
670 1865 713 1896 Dc
732 1873 756 1896 s.
775 1864 874 1897 maria
892 1865 1093 1906 Aegyptiace..

699 1932 747 1961 Ad
766 1931 953 1962 Nocturnum.

188 1999 218 2031 1.
243 1999 348 2031 Maria
372 2000 567 2039 Aegyptiaca
859 2002 889 2034 3.
912 2001 1123 2035 Deambulans
1148 2011 1207 2042 per
1230 2004 1316 2036 invia

246 2045 366 2077 Relicto
387 2049 480 2086 patre
503 2049 536 2078 et
558 2047 663 2086 patria
915 2047 977 2080 ‘Die
999 2053 1154 2088 nocteque
1176 2050 1283 2083 media

246 2092 306 2124 Pro
330 2094 431 2125 carnis
458 2093 633 2133 petulantia
915 2094 1103 2127 Dominante
1126 2097 1279 2137 spurcitia

243 2138 389 2171 Cucurrit
411 2140 453 2172 ad
476 2139 604 2180 flagitia.
917 2141 958 2173 Se
982 2141 1125 2176 subdidit
1148 2144 1189 2176 ad
1214 2145 1343 2178 scelera.

188 2196 219 2228 2.
246 2195 360 2227 Aetate
386 2196 572 2229 duodecima
858 2199 889 2231 4.
912 2197 1072 2230 Exercens
1097 2208 1154 2231 sua
1177 2200 1255 2233 vitia

244 2240 419 2283 Instigante
441 2243 571 2275 lascivia
914 2244 997 2277 Dum
1021 2250 1163 2278 maneret
1185 2247 1216 2278 in
1242 2247 1354 2291 Lybia‚

247 2289 404 2328 Despecta
426 2289 486 2322 Dei
507 2291 609 2330 gratia
919 2292 994 2324 Visa.
1015 2293 1110 2325 turba
1132 2294 1291 2335 Aegyptia

246 2336 286 2367 Se
312 2336 400 2367 dedit
422 2337 463 2369 ad
489 2337 635 2371 convicia.
911 2339 1120 2372 Percunctata
1144 2345 1192 2373 est
1216 2342 1317 2377 devia.
