1651 2518
654 103 909 139 —125—-

567 214 627 246 193.
665 215 709 246 De
731 215 839 247 saneta
858 213 998 246 Eurosia.

687 291 735 320 Ad
754 290 878 321 Laudes.

166 397 172 403 .
198 370 342 401 Aurorae
365 369 421 401 lux
445 369 648 409 resplendeat

197 417 235 448 ln
261 416 446 448 devotorum
470 416 629 459 cordibus,

197 464 317 495 Lumen
345 463 408 495 diei
429 462 558 504 fulgeat,

196 510 380 542 Exsultet
400 511 544 542 eoelum
561 510 756 543 laudibus.

167 610 173 617 .
202 585 335 624 Christe,
362 585 415 626 qui
439 587 580 617 sanctam
604 585 755 624 virginem
816 587 846 616 4.

199 632 363 664 Decorasti
385 632 564 673 virtutibus,

198 679 250 711 Da
273 679 365 711 nobis
388 678 616 719 fortitudinem,

196 727 414 758 Plasmator
434 725 616 766 hominis,
642 724 671 756 D
682 733 755 757 eus.

815 370 846 401 3.
872 369 918 402 Ut
940 368 1121 399 resistamus
1146 365 1229 398 vitiis

873 416 1063 455 Spernentes
1086 412 1195 444 mundi
1217 418 1379 451 prospera,

872 463 908 494 In
932 460 994 493 fine
1019 461 1060 493 da
1084 459 1260 491 certaminis

871 509 997 541 Beata
1019 507 1139 540 nobis
1163 505 1320 545 gaudia.

873 583 976 622 Hujus
1001 584 1130 622 precatu
1155 580 1290 620 supplici

872 631 958 663 Tuae
982 638 1038 661 nos
1062 627 1274 660 inhaerentiae

872 677 979 709 Subde
1002 676 1147 708 mercede
1171 674 1299 714 duplici,

872 724 1042 756 Summae
1066 723 1166 754 Deus
1192 720 1425 753 elementiae.

458 792 488 823 5.
514 790 611 822 Trino
635 789 703 822 Deo
729 793 760 821 et
783 790 917 829 simplici

517 837 616 868 Preee
640 837 867 877 supplicatoria

517 883 573 924 Sit,
600 884 792 924 postulamus
819 883 934 925 cernui,

513 930 1168 971 Laus,h0n01-,v1rtus,g10ria.

215 996 298 1023 Brev.
323 996 449 1024 Oscense
469 999 498 1024 et
515 995 655 1023 Jaeeense
674 997 742 1031 imp.
765 995 1012 1031 Caesaraugustae
1034 992 1115 1022 1505.

551 1123 613 1155 194.
651 1123 694 1154 De
713 1123 818 1155 sancto
837 1123 1013 1154 Eustachio.

623 1199 671 1229 Ad
689 1199 777 1237 Vesp.
799 1202 828 1228 et
849 1199 932 1229 Noct.

167 1305 173 1311 .
201 1278 362 1318 Supernae
385 1278 495 1309 matris
518 1277 576 1309 filii

199 1325 325 1357 Laudes
350 1328 498 1364 promant
519 1323 694 1365 Eustachii,

199 1372 296 1411 Quem
321 1371 502 1403 sublimavit
525 1371 620 1403 hodie

194 1419 373 1459 Magnae
397 1418 506 1450 Deus
530 1418 757 1457 potentiae,

167 1517 175 1525 .
200 1494 262 1525 Hic
283 1502 318 1524 re
342 1494 469 1533 placens
494 1495 525 1525 et
547 1495 672 1526 nomine

197 1540 322 1572 Morum
347 1540 488 1580 pollebat
513 1541 655 1582 eulmine,

200 1588 284 1619 Tuas
308 1588 455 1627 ignorans
480 1588 616 1631 semitas,

202 1634 226 1666 O
252 1634 342 1675 lux,
370 1635 494 1666 beata
518 1635 709 1667 trinitas.

168 1734 175 1741 .
204 1709 299 1749 Cujus
324 1709 475 1741 haerebat
498 1710 611 1741 studiis

201 1756 295 1788 Casta
321 1756 432 1796 conjux
458 1765 526 1788 cum
550 1756 633 1801 filiis,

198 1803 258 1835 Tui
284 1801 382 1835 futuri
407 1802 527 1844 famuli,

193 1851 311 1891 Jesu,
337 1850 528 1883 salvator
552 1860 567 1882 s
581 1852 729 1885 aeeuli.

162 1952 168 1959 .
196 1926 326 1958 Innixus
352 1926 436 1957 cervi
462 1926 608 1958 cornibus

195 1973 338 2006 Christus
364 1973 430 2013 eJ'us
455 1974 615 2006 obtutibus

195 2020 236 2053 Se
260 2020 402 2062 praebet,
429 2021 468 2053 ad
495 2030 586 2061 quem
612 2022 741 2053 coelitus

192 2068 314 2109 Veni,
342 2071 511 2100 creator
536 2069 729 2109 spiritus.

818 1279 847 1310 5.
877 1277 952 1310 Cum
977 1285 1075 1309 uxore
1099 1285 1168 1308 oum
1192 1276 1332 1316 parvulis

876 1324 992 1357 Christi
1015 1332 1049 1355 se
1073 1323 1180 1356 subdit
1204 1324 1329 1363 regulis,

874 1373 940 1404 Iter
964 1379 1096 1411 sequens
1122 1374 1152 1402 et
1176 1371 1329 1411 meritum,

874 1419 1001 1458 Deus,
1028 1422 1189 1449 tuorum
1214 1418 1401 1449 militum.

843 1519 849 1526 .
876 1493 1008 1533 Damna,
1034 1501 1199 1533 pressuras
1222 1494 1350 1532 patitur,

872 1540 935 1573 Sed
958 1539 1091 1580 flagellis
1115 1549 1177 1572 non
1203 1540 1345 1580 vincitur,

875 1588 895 1620 J
897 1587 935 1618 ob
956 1588 1046 1619 nobis
1070 1590 1213 1627 praestas
1238 1588 1379 1630 alterum,

874 1635 1049 1677 Creator
1073 1635 1177 1666 alme
1201 1635 1266 1667 sid
1280 1644 1396 1668 erum.

838 1736 846 1744 .
871 1710 1003 1750 Navigio
1030 1709 1101 1742 dum
1126 1711 1260 1751 vehitur,

873 1757 962 1790 Uxor
984 1766 1042 1796 pro
1068 1758 1159 1789 naulo
1185 1758 1316 1797 rapitur,

873 1804 936 1836 Sed
959 1804 1146 1845 mitigabant
1169 1805 1301 1838 verbera

873 1853 900 1883 A
912 1853 1059 1884 eterna
1073 1851 1234 1884 Christi
1250 1862 1424 1888 munera.

839 1951 845 1956 .
872 1927 981 1966 Lupus
1006 1928 1088 1959 hunc
1114 1930 1219 1968 privat
1243 1928 1318 1969 filio,

870 1974 935 2006 Leo
960 1973 1041 2015 fugit
1065 1984 1132 2006 cum
1157 1975 1229 2015 alio,

873 2022 917 2055 Ut
938 2023 1090 2062 probares
1114 2023 1326 2066 Eustachium,

872 2070 1057 2109 Christe,
1084 2071 1325 2110 redemptor
1349 2081 1424 2104 om-

1203 2119 1320 2150 nium.

528 2165 558 2197 9.
585 2163 634 2196 Sit
657 2164 725 2204 regi
748 2173 855 2203 regum
879 2164 988 2207 gloria,

584 2211 679 2253 Laus,
705 2211 814 2253 virtus,
840 2212 991 2254 potentia,

582 2260 642 2299 Qui
665 2258 804 2290 surrexit
826 2268 846 2291 a
869 2258 980 2291 funere

582 2308 669 2340 Jam
693 2307 801 2338 lueis
827 2309 920 2339 orto
945 2308 1097 2340 sidere.

205 2371 288 2399 Brev.
308 2371 471 2399 Romanum
491 2373 559 2407 imp,
583 2370 659 2400 15&
680 2386 718 2390 —
738 2370 763 2406 9,
785 2369 802 2398 2
821 2372 900 2401 Laus
919 2374 1089 2410 zweisilbig.
