1651 2518
859 119 925 153 194
974 139 1016 143 —

642 218 671 249 5.
699 216 748 248 Sit
769 214 903 247 trinitati
927 214 1038 255 gloria,

697 262 785 295 Patri
810 261 903 292 simul
928 269 997 291 cum
1021 259 1095 300 filio,

697 309 811 341 Sancto
836 315 958 347 quoque
984 307 1116 346 Spiritui

696 355 814 394 Honor,
841 354 940 385 virtus
967 362 1036 385 cum
1060 353 1185 393 gaudio.

323 424 406 450 BreV.
426 430 479 450 ms.
500 421 529 449 S.
549 421 692 448 Johannis
713 420 748 447 de
767 419 847 446 Pinis
868 426 942 445 saec.
965 416 1008 446 13.
1031 418 1099 446 Cod.
1114 417 1272 445 Seorialen.
1295 419 1317 444 P
1338 418 1383 445 111
1406 416 1447 445 14.
1471 415 1535 443 add.

247 468 324 487 saec.
352 459 394 487 15.
414 461 448 488 A.
470 474 505 478 —
525 459 608 485 Brev.
631 458 756 485 Oseeuse
780 458 809 484 et
826 456 968 484 Jaccense
987 457 1055 491 imp.
1076 456 1325 491 Caesaraugustae
1346 453 1426 483 1505.
1446 454 1479 482 Β.
1500 468 1536 472 ——

246 496 273 530 4,
293 496 312 525 4
332 499 458 525 cucurrit
476 497 609 524 alacriter
629 496 662 522 B.

658 593 725 624 334.
765 593 808 624 De
828 592 932 623 sancto
952 592 1127 624 Laurentio.

782 667 829 698 Ad
848 667 1002 704 Vesperas.

252 751 282 782 1.
310 749 501 782 Sublimetur
524 749 668 787 martyrii

311 796 415 835 Digna
440 795 533 827 laude
557 795 705 834 supplicii

311 844 347 874 In
373 849 471 882 agone
494 841 693 882 Laurentius,

312 888 429 920 Christi
451 891 574 928 martyr
599 889 750 928 egregius>

255 946 288 978 2.
311 944 417 976 Minas
442 944 629 982 contempsit
649 944 743 975 Decii

313 990 375 1029 Spe
399 990 509 1022 summi
535 991 645 1021 ductus
669 989 811 1029 praemii,

313 1037 358 1069 Ut
381 1038 412 1068 in
439 1037 570 1076 Olympo
595 1038 741 1076 proprius

312 1084 495 1116 Sanctorum
521 1086 603 1114 esset
625 1084 736 1115 socius.

250 1141 284 1173 3.
309 1140 369 1171 llle
392 1140 554 1171 thesauros
584 1139 725 1170 manibus

314 1185 394 1217 Sixti
418 1186 560 1225 sumpsit,
583 1186 773 1225 pauperibus

316 1233 397 1271 Quos
423 1232 554 1264 contulit
578 1233 727 1264 ecclesiae

313 1278 375 1310 Dei
402 1280 464 1310 celo
490 1279 682 1310 clementiae.

254 1336 285 1366 4.
311 1334 396 1366 Altis
420 1335 595 1374 proclamat
618 1335 745 1366 vocibus

311 1380 397 1412 Sixto
426 1382 498 1413 dato
523 1381 712 1413 tortoribus:

312 1427 374 1459 Cur
397 1437 456 1470 me,
482 1430 583 1467 pater,
606 1429 747 1467 pernicie

309 1473 380 1505 Hac
405 1474 522 1507 deseris
545 1475 729 1508 moestitiae.

922 747 953 778 5.
978 747 1085 785 Inquit
1106 746 1230 780 Sixtus:
1257 747 1427 778 certamina

978 794 1031 825 Ad
1056 796 1097 833 te,
1123 791 1179 832 fili,
1205 795 1240 824 ut
1264 794 1388 833 agmina

978 840 1169 879 Angelorum
1194 842 1226 870 te
1249 840 1378 880 socient,

978 887 1103 926 Majora
1126 895 1227 925 poena
1253 887 1386 919 venient.

923 944 953 976 6.
982 942 1143 982 Laurenti,
1169 943 1211 974 da
1232 942 1385 974 libamina

979 990 1060 1029 Diis,
1084 990 1138 1028 ait,
1162 997 1202 1020 ne
1226 990 1342 1021 lamina

979 1036 1072 1068 Ferri
1095 1037 1168 1076 igne
1191 1038 1223 1066 te
1247 1036 1363 1067 cruciet

979 1083 1095 1115 Decius
1121 1084 1153 1113 et
1174 1083 1348 1115 marturiet.

923 1141 952 1171 7.
976 1140 1110 1171 Assatur
1132 1147 1214 1180 ergo,
1239 1139 1383 1178 spiritum

980 1186 1048 1218 Deo
1075 1185 1172 1224 dedit,
1200 1194 1255 1216 cur
1279 1185 1398 1216 aditum

980 1233 1108 1265 Habere
1134 1232 1219 1263 coelo
1243 1232 1367 1271 meruit,

979 1281 1045 1319 Quo
1070 1279 1176 1318 palma
1199 1279 1316 1310 sanctis
1340 1277 1456 1310 floruit.

925 1339 955 1370 8.
983 1337 1118 1375 Patrem,
1144 1337 1261 1375 natum,
1283 1335 1469 1374 paraclitum

981 1383 1060 1414 Tres
1084 1383 1117 1413 in
1141 1382 1284 1420 personis
1307 1382 1460 1421 inclitum,

983 1429 1048 1461 Nos
1077 1437 1146 1460 esse
1167 1427 1246 1460 fides
1271 1428 1399 1459 instruit

977 1476 1022 1508 Et
1044 1484 1137 1507 unum
1162 1475 1264 1507 Deum
1286 1475 1403 1509 annuit.

324 1539 407 1566 Brev.
434 1539 607 1568 Celsonense
633 1541 701 1576 imp.
729 1540 975 1576 Caesaraugustae
1006 1539 1086 1568 1514.
1111 1556 1148 1560 --
1178 1540 1342 1567 Verfasser:
1369 1540 1536 1575 Anonymus

252 1575 442 1604 Celsonensis.

661 1677 727 1709 335.
768 1680 809 1709 De
829 1679 933 1710 saneto
953 1679 1130 1710 Laurentio.

766 1753 814 1783 Ad
833 1753 1021 1784 Nocturnum.

254 1830 284 1863 1.
310 1829 415 1870 Digna
438 1830 534 1861 laude
557 1829 761 1862 Laurentium

309 1876 499 1916 Laudemus,
526 1877 578 1916 qui
603 1878 787 1918 martyrium

314 1924 510 1963 Trimnphali
535 1924 668 1956 victoria

309 1970 424 2002 Passus
455 1973 503 2001 est
528 1970 645 2003 Christi
667 1972 771 2005 latria.

253 2028 283 2059 2.
309 2028 499 2067 Impugnans
520 2030 646 2058 sanctus
671 2028 803 2060 Decium

311 2074 403 2105 Ritus
428 2074 550 2114 sprevit
573 2075 745 2116 gentilium,

314 2121 358 2153 Ut
380 2121 464 2152 inter
487 2124 612 2152 sanctos
638 2122 719 2153 atria

310 2168 491 2200 Possideret
516 2168 671 2200 coelestia.

254 2225 285 2256 3.
312 2224 443 2255 Praeses
467 2223 567 2255 iratus
589 2222 717 2257 fremuit

311 2270 355 2302 Et
377 2272 496 2302 moesto
522 2271 617 2302 eorde
637 2272 754 2310 gemuit

317 2317 435 2349 Videns
460 2317 560 2348 sancti
586 2318 790 2350 constantiam

312 2363 428 2395 Contra
452 2371 539 2395 suam
563 2363 740 2403 perfidiam.

925 1833 955 1864 4.
984 1832 1098 1864 Sancto
1124 1833 1281 1863 tormenta
1304 1831 1416 1863 tribuit

983 1878 1165 1917 Laurentio,
1192 1887 1283 1918 quem
1307 1879 1431 1918 torruit,

981 1927 1018 1958 In
1044 1925 1161 1958 furoris
1185 1926 1355 1965 nequitiam

981 1973 1043 2006 Uri
1068 1976 1109 2014 te,
1134 1972 1245 2012 inquit,
1271 1971 1395 2005 faciam.

926 2031 955 2062 5.
983 2030 1092 2069 Versa,
1117 2029 1281 2071 manduca,
1307 2028 1438 2071 perfide,

983 2076 1071 2113 Quod
1096 2077 1199 2107 ustum
1225 2078 1273 2107 est
1296 2076 1327 2107 in
1353 2075 1496 2108 fervidae

984 2121 1087 2153 Gratis
1111 2122 1218 2161 ignitis
1245 2123 1384 2163 costulis,

982 2168 1049 2206 Qua
1071 2171 1204 2200 mortem
1229 2171 1355 2201 sanctus
1380 2169 1516 2203 sustulit.

925 2226 955 2257 6.
981 2223 1073 2255 Sedis
1096 2224 1241 2263 polorum
1264 2224 1389 2257 lucidae

985 2271 1070 2302 Arce
1093 2271 1230 2302 laetatur
1253 2272 1360 2303 valide

985 2317 1078 2349 Miris
1103 2317 1199 2350 levita
1222 2318 1358 2350 modulis

985 2364 1087 2395 Almis
1111 2366 1290 2396 sanctorum
1316 2366 1456 2399 coetuliS.
