1651 2518
799 113 1051 147 —146—

285 206 315 238 3.
342 205 550 238 Praedicatur
573 214 631 246 per
655 207 813 238 sacculum
957 207 990 238 4.
1016 206 1127 246 Spreto
1153 210 1277 240 terreno
1301 209 1431 248 pulvere

341 252 444 293 Digna
470 253 597 284 coelesti
617 253 707 292 solio,
1016 253 1192 293 Imperialis
1219 255 1361 286 culminis

342 299 420 339 Quia
444 299 578 332 retraxit
602 299 739 331 animum
1015 300 1121 340 Elegit
1145 310 1265 340 pauper
1289 302 1396 333 vivere

340 347 370 378 A
395 346 542 379 vanitatis
567 345 653 378 folio.
1018 346 1172 386 Exemplo
1198 348 1315 380 Christi
1339 348 1497 387 pauperis.

678 404 707 435 5.
733 402 817 435 Laus
842 402 936 444 patri,
963 405 1045 445 nato,
1072 402 1200 436 flamini.

358 468 442 496 Brev.
463 467 763 504 Caesaraugustanum
788 470 856 504 imp.
882 477 904 496 s.
930 468 950 494 l.
976 470 1005 495 et
1024 476 1049 495 a.
1077 468 1217 503 (Venetiis
1239 467 1329 504 1496).
1352 482 1386 486 —
1406 466 1433 502 3,
1454 466 1471 496 3
1492 469 1572 503 Quae

285 507 412 533 retraxit.
434 519 470 524 —-
490 503 516 538 3,
537 503 557 532 4
575 505 630 533 lies
653 505 748 533 solit?
768 521 805 525 -
824 505 850 541 4,
874 504 892 534 3
912 513 1066 541 pauperem
1086 507 1193 533 vivere.

718 609 783 640 243.
822 610 866 641 De
886 610 994 641 sancta
1012 610 1138 641 Helena.

832 677 881 706 Ad
899 675 1026 706 Laudes.

290 745 320 779 1.
345 745 474 776 Promat
496 753 554 783 per
578 745 685 776 mundi
710 745 885 778 machinam
962 747 993 778 3.
1017 745 1177 777 Virtutum
1201 745 1407 785 thesauraria,

345 791 455 823 Novae
479 791 582 822 laudis
607 792 728 824 laetitia
1018 793 1211 825 Thesaurum
1235 801 1363 825 servans
1388 793 1516 834 regium,

347 838 584 879 imperatricem
609 839 763 871 Helenam
1017 840 1046 871 A
1071 843 1258 880 tempestate
1281 841 1370 872 varia

342 885 551 918 Scandentem
575 886 617 917 ad
642 886 796 918 sublimia.
1016 888 1086 919 Hoc
1109 890 1240 927 protege
1265 887 1438 927 collegium.

286 944 317 976 2.
344 942 519 982 Supernum
543 946 653 973 tenens
678 943 790 974 solium
960 946 991 976 4.
1020 942 1127 975 Crucis
1150 943 1310 975 inventrix
1335 942 1491 986 quaerum,

341 990 455 1021 Preces
480 997 537 1027 pro
561 989 651 1021 nobis
676 990 821 1030 geminet,
1018 991 1080 1022 Per
1104 999 1195 1029 quam
1222 991 1338 1023 salvari
1362 990 1548 1029 quaerimus,

341 1036 387 1068 Ut
412 1036 555 1068 Christus
581 1045 671 1067 omne
695 1037 821 1068 noxium
1019 1036 1068 1068 Sis
1094 1038 1253 1069 exoratrix
1277 1037 1397 1076 sedula,

341 1083 457 1124 Tollat,
481 1083 564 1121 quod
589 1084 809 1123 supereminet.
1018 1083 1210 1124 Suppliciter
1230 1087 1265 1116 ut
1288 1084 1432 1124 petimus.

677 1141 706 1174 5.
732 1140 817 1172 Laus
841 1140 936 1181 patri,
960 1142 1045 1182 nato,
1070 1138 1198 1172 flamini.

361 1200 444 1227 Brev.
466 1198 764 1236 Caesaraugustamun
784 1201 853 1236 imp.
873 1209 895 1228 s.
915 1200 935 1227 1.
957 1201 986 1227 et
1004 1207 1030 1227 a.
1050 1198 1191 1235 (Venetiis
1214 1198 1304 1235 1496).

715 1299 782 1330 244.
822 1300 865 1331 Dc
885 1299 994 1331 sancta
1015 1299 1140 1330 Helena.

289 1368 321 1399 1.
348 1367 469 1408 Gaude,
493 1369 593 1398 mater
618 1368 760 1407 ecclesia,
962 1366 991 1401 4.
1019 1369 1193 1408 Gonjuncta
1218 1370 1295 1401 coeli
1321 1368 1441 1401 civibus

346 1414 459 1446 Gaude
485 1414 523 1445 de
548 1413 665 1445 Christi
689 1423 828 1455 munere,
1020 1415 1112 1447 Vitae
1135 1419 1264 1456 potatur
1287 1415 1425 1456 flumine,

345 1461 470 1492 Laudes
494 1461 527 1491 in
553 1469 629 1492 voce
653 1462 742 1493 varia
1020 1463 1145 1495 Divinis
1170 1472 1285 1495 vacans
1310 1463 1458 1496 laudibus

346 1507 448 1539 Corde
471 1515 597 1546 promas
623 1510 654 1539 et
677 1517 780 1548 opere.
1020 1509 1138 1541 Lumen
1164 1511 1254 1543 videt
1277 1511 1309 1542 in
1334 1510 1461 1543 lumine.

289 1565 319 1596 2.
348 1563 472 1595 Helena
495 1572 568 1594 nam
595 1565 792 1597 sanctissima
963 1566 993 1598 5.
1017 1567 1089 1599 Jam
1113 1569 1219 1606 stupet
1242 1567 1463 1606 Hierosolyma

345 1611 407 1642 Per
430 1613 463 1641 te
485 1610 630 1642 miranda
652 1611 762 1653 edidit,
1018 1612 1143 1644 Fractis
1167 1613 1307 1646 Judaeae
1331 1614 1455 1653 ritibus,

347 1657 421 1689 Rite
447 1656 605 1689 detestans
630 1657 737 1689 infima
1020 1659 1103 1691 Dum
1127 1669 1185 1699 per
1209 1664 1317 1693 sancta
1341 1660 1488 1701 suffragia

351 1704 492 1737 Goeleste
512 1712 641 1743 regnum
665 1705 770 1738 subiit.
1022 1707 1172 1739 Miranda
1195 1707 1275 1740 fiunt
1298 1708 1449 1741 saeculis:

295 1761 326 1793 3.
351 1759 484 1791 Terreni
506 1760 588 1800 regis
613 1759 679 1792 filia
965 1763 995 1795 6.
1019 1762 1087 1795 Deo
1112 1764 1195 1803 patri
1220 1765 1263 1796 sit
1286 1764 1388 1805 gloria

347 1807 427 1847 Regi
452 1806 579 1838 coelesti
603 1807 731 1849 placuit,
1021 1810 1161 1850 Ejusque
1186 1812 1246 1843 soli
1268 1811 1334 1844 filio

348 1854 491 1885 Electum
515 1862 610 1893 super
632 1854 720 1885 milia
1025 1856 1101 1889 Cum
1126 1858 1240 1897 spiritu
1260 1859 1416 1899 paraclito

350 1901 506 1941 Quaerens
529 1901 659 1943 invenit,
684 1902 794 1936 tenuit.
1020 1904 1059 1936 In
1083 1905 1274 1944 sempiterna
1299 1906 1434 1940 saecula.

363 1966 446 1993 Brev.
467 1965 628 1993 Romanum
647 1967 715 2001 imp.
738 1964 772 1994 15
782 1964 826 1993 **.

692 2075 759 2107 245.
798 2076 841 2107 De
860 2076 964 2107 saneto
984 2076 1177 2117 Hieronymo.

827 2143 875 2173 Ad
894 2142 1046 2181 Vesperas.

562 2212 592 2243 1.
619 2210 774 2251 Suggerat
795 2212 884 2244 nobis
909 2212 1036 2244 veniens
1063 2214 1195 2255 Olympo

619 2257 754 2297 Spiritus
777 2257 939 2292 flammans
964 2260 1102 2301 meritos,
1128 2271 1305 2307 precamur,

618 2305 700 2345 Quos
722 2305 781 2337 tibi
805 2305 902 2339 festos
926 2307 1122 2340 modulemur
1146 2309 1287 2352 hymnos,

666 2352 783 2393 Magne
806 2357 946 2394 patrone.
