1651 2518
733 99 987 135 -145—

215 198 247 231 3.
273 196 383 228 Proles
408 195 468 228 fuit
492 196 642 227 ecclesiae
891 198 920 229 5.
946 195 985 226 In
1008 194 1137 235 Belgica
1160 195 1334 234 provincia,

272 242 356 274 Dum
379 243 458 276 vixit
480 243 589 274 mundi
614 243 727 283 stadio,
944 242 1044 281 Inque
1068 242 1216 274 Remensi
1240 242 1373 274 termino

273 290 426 323 Exaltans
450 289 549 329 legem
573 289 693 330 gratiae
944 289 1053 320 Altum
1078 288 1198 321 Villare
1222 289 1324 330 gratia

271 337 322 370 Ex
346 338 446 369 crucis
471 335 628 368 beneficio.
945 335 1099 367 Helenam
1124 334 1188 366 fert
1211 339 1243 367 et
1267 336 1391 378 gaudio,

217 415 250 446 4.
275 412 408 444 Exstitit
430 413 547 450 sancta,
573 410 687 443 nobilis
888 413 919 445 6.
947 410 1057 443 Gloria
1081 411 1149 451 tibi,
1176 411 1319 451 Domine,

271 459 392 498 Regina
416 459 493 490 haec
517 461 549 489 et
572 458 700 498 optima.
943 458 1002 497 Qui
1025 458 1178 490 Helenam
1203 458 1383 499 magnificas

274 506 356 537 Fide
379 505 478 545 firma,
503 504 680 544 immobilis,
945 504 990 536 Et
1013 509 1065 537 tuo
1090 508 1199 537 sancto
1223 506 1349 538 nomine

273 553 429 585 Christum
455 561 565 592 gerens
588 553 620 583 in
646 552 759 584 anima.
947 552 1061 584 Totum
1085 554 1234 585 mundum
1258 552 1408 587 vivificas,

286 628 370 654 Brcv.
395 636 447 655 ms.
472 627 686 653 Barcinonense
710 634 784 654 saec.
813 624 855 653 15.
878 626 946 654 Cod.
968 626 1060 662 Capit.
1080 627 1180 655 Vicen.
1202 627 1276 655 CIX.
1296 627 1330 654 A.
1357 643 1394 647 —-
1418 627 1502 655 Brev.

213 674 264 692 ms.
287 665 461 692 Dertusense
480 672 554 691 saec.
577 662 619 691 15.
641 663 710 691 Cod.
732 664 823 698 Capit.
844 665 997 691 Dertusen.
1018 673 1040 692 s.
1061 674 1089 692 n.
1114 667 1144 691 Β.
1164 679 1202 683 -
1221 666 1305 693 BreV.
1326 674 1378 692 ms.
1399 666 1504 692 Dei-tu-

211 710 294 730 sense
321 710 394 730 saec.
423 700 465 729 15.
487 702 555 729 Cod.
577 701 669 736 Capit.
689 702 835 729 Dertusen
859 710 881 729 s.
909 711 937 729 n.
960 701 989 729 C.
1016 717 1053 721 —
1083 702 1162 731 Offie.
1187 712 1240 731 ms.
1268 710 1341 730 “aec.
1371 701 1413 730 16.
1435 702 1502 730 Cod.

211 739 318 767 Semin.
340 739 500 767 Gerunden.
528 737 610 766 2309.
631 739 668 767 D.
695 754 730 758 —
751 741 835 766 Brev.
856 740 1032 768 Dertusense
1059 742 1126 775 imp.
1147 741 1284 777 Lugduni
1311 738 1390 768 1547.
1407 740 1445 768 Ε.
1498 756 1502 757 ⁷

211 775 234 810 1,
255 775 273 805 3
291 777 485 812 Imperatricis
511 778 644 813 egregiae
661 778 696 804 D.
723 793 759 798 —
793 775 817 810 1,
837 776 857 804 4
876 778 962 805 beata
982 778 1018 805 D.
1039 793 1076 798 —
1095 777 1121 810 3,
1142 776 1160 804 2
1180 778 1278 805 mundi
1300 779 1395 806 studio
1415 778 1449 805 A.
1466 793 1503 797 —-

209 815 235 848 23,
256 813 274 843 3
299 822 395 849 regem
421 815 535 850 gratiae
553 815 589 842 D.
613 829 652 833 —
676 813 701 849 5,
724 813 740 842 1
760 815 796 843 In
820 816 900 843 bella
922 817 1075 852 provincia
1092 816 1125 844 B.
1151 830 1188 834 -
1215 814 1240 851 5,
1265 813 1283 841 2
1312 816 1348 843 In
1366 816 1504 844 Remensi

209 852 305 886 BDE,
332 852 367 879 In
386 853 561 880 Remanensi
582 853 616 879 A.
645 867 683 870 —
708 852 740 886 5,
769 850 786 880 3
806 853 993 881 Accumulate
1011 855 1123 889 gratiae
1142 854 1180 888 A;
1208 854 1389 882 accumulare
1408 854 1505 890 gratia

207 890 273 922 BE;
301 890 476 917 accumulari
495 892 591 925 gratia
611 890 641 917 O.
664 905 701 909 —
720 891 948 923 Haut-Villiers,
969 891 1094 919 Diocese
1112 892 1220 919 Reims.
1260 891 1349 919 Diese
1369 892 1504 927 Hymnen

209 927 275 954 sind
310 927 371 954 also
401 928 575 955 vermutlich
603 927 686 955 nicht
715 928 888 964 spanischen
918 928 1100 965 Ursprungs,
1131 929 1255 957 sondern
1283 938 1338 956 nur
1366 929 1501 957 heriiber-

208 972 386 999 genommen.

637 1111 699 1143 241.
741 1113 782 1143 De
802 1113 911 1143 sancta
930 1112 1055 1144 Helena.

744 1188 791 1218 Ad
810 1188 963 1226 Vesperas.

210 1267 239 1299 1.
267 1265 388 1298 Psallat
413 1266 482 1298 odis
507 1266 695 1305 hymnidicis
882 1268 913 1299 4.
939 1265 1053 1297 Judaei
1078 1266 1194 1300 Judam
1218 1266 1321 1297 timidi

268 1313 527 1347 Christicolarum
554 1313 660 1345 concio
940 1313 1127 1352 TradenteS‚
1155 1313 1255 1344 crucis
1282 1313 1449 1351 conscium,

262 1358 393 1391 Festum
420 1359 483 1392 diei
508 1360 640 1392 celebris
940 1360 1044 1391 Vitam
1069 1363 1250 1391 mercantur
1274 1360 1410 1400 providi,

264 1407 377 1446 Spreto
404 1407 544 1446 corporis
568 1407 642 1439 otio.
939 1406 988 1437 Ne
1012 1407 1144 1439 subeant
1167 1406 1366 1446 supplicium.

206 1484 235 1516 2.
263 1482 478 1522 Imperatricis
503 1482 644 1514 Helenae
883 1484 913 1515 5.
940 1483 1023 1515 Crux
1045 1482 1085 1515 ab
1109 1482 1208 1514 invito
1233 1482 1403 1523 quaeritur,

264 1530 381 1562 Sancta
403 1532 496 1569 paret
517 1530 678 1569 sedulitas,
940 1530 1040 1562 Judas
1066 1530 1237 1570 quaesitam
1261 1529 1392 1571 invenit,

264 1577 350 1616 Quae
373 1586 431 1616 pro
458 1577 558 1608 crucis
582 1577 732 1616 indagine
938 1575 1113 1608 Defunctus
1137 1577 1221 1608 vitae
1245 1577 1399 1619 redditur,

263 1624 389 1663 Longas
414 1624 562 1655 lustravit
585 1624 723 1657 semitas.
941 1623 1039 1655 Fides
1063 1624 1180 1657 Judam
1205 1624 1419 1658 circumvenit.

208 1701 237 1732 3.
263 1700 288 1732 O
315 1708 407 1738 quam
432 1699 525 1730 beata
549 1698 675 1740 femina,
883 1700 914 1732 6.
939 1698 1023 1729 Laus
1046 1698 1140 1738 patri,
1166 1701 1251 1738 nato,
1276 1697 1404 1737 flamini,

265 1745 396 1778 Virilem
419 1753 530 1786 gerens
555 1746 701 1787 animum,
939 1745 1054 1789 Decus,
1079 1746 1179 1777 honor
1204 1749 1235 1777 et
1257 1746 1367 1786 gloria,

263 1793 350 1832 Quae
376 1792 568 1825 Judaeorum
592 1792 716 1832 agmina
939 1792 1035 1831 Cujus
1055 1792 1135 1824 fiunt
1158 1793 1293 1824 examini

266 1839 379 1872 Traxit
403 1841 444 1873 ad
469 1840 548 1871 lucis
572 1839 707 1873 radium.
942 1839 1061 1872 Cuncta
1086 1839 1177 1872 simul
1201 1840 1334 1872 notoria.

278 1915 364 1943 Brev.
380 1915 681 1951 ansaraugustanum
696 1916 765 1951 imp.
780 1922 802 1941 s.
817 1915 836 1942 l.
851 1918 880 1942 et
892 1922 918 1943 a.
932 1914 969 1950 (V
970 1916 1071 1942 enetiis
1088 1912 1178 1949 1496).
1199 1930 1235 1934 —
1251 1914 1276 1948 5,
1300 1913 1314 1942 1
1329 1916 1365 1943 ab
1379 1916 1497 1944 invicto.

644 2054 710 2085 242.
748 2054 792 2086 De
813 2054 920 2085 sancta
938 2053 1063 2086 Helena.

726 2131 768 2161 Ad
786 2130 976 2161 Nocturnum.

204 2212 234 2245 1.
260 2210 472 2251 Triumphans
496 2211 586 2243 novis
610 2210 734 2250 gaudiis
881 2212 912 2243 2.
939 2208 1124 2242 Sollicitudo
1149 2210 1295 2242 laudibus

263 2258 442 2298 ConJubilat
466 2259 600 2291 ecclesia
937 2256 1110 2289 Extollitur
1131 2257 1165 2289 in
1189 2258 1352 2298 Helenam,

262 2306 307 2338 Et
328 2307 515 2339 militantem
539 2305 688 2346 praemiis
937 2305 1005 2344 Qua
1029 2314 1104 2337 crux
1130 2305 1250 2338 devotis
1274 2306 1430 2340 mentibus

259 2353 463 2394 Prosequitur
486 2354 618 2388 laetitia.
939 2351 1054 2384 Christi
1080 2353 1220 2386 declarat
1244 2353 1386 2395 gloriam.

256 2413 378 2440 Dreves,
394 2413 527 2442 Hymnodia
539 2413 658 2437 Hiberica.
1297 2406 1330 2437 10
