1651 2518
664 119 822 155 -121
876 140 920 144 —

582 210 643 242 186.
684 211 728 242 De
748 211 856 243 sancta
873 211 1012 243 Eulalia.

687 269 735 299 Ad
755 270 908 306 Vesperas.

146 326 177 359 1.
205 326 326 365 Gaude,
351 325 474 367 fulgens
498 328 675 360 Barcinona
823 328 856 359 5.
878 329 926 360 Tu
952 337 993 370 es,
1019 328 1113 367 Deus,
1140 330 1244 359 rector
1269 327 1348 359 coeli

252 373 336 406 Urbs
360 374 511 406 virtutum
536 375 692 415 laudibuS,
925 376 969 408 Et
990 377 1145 408 scrutator
1170 375 1319 414 cordium,

201 420 329 452 Eulalia
351 430 443 460 quam
467 425 602 461 patrona
880 423 1025 455 Ancillae
1048 430 1144 462 parce
1167 421 1264 461 fideli,

248 467 341 500 Felix
366 471 457 500 ornat
481 468 612 509 ossibus,
926 470 973 503 Ut
996 470 1054 501 sim
1077 477 1203 500 consors
1229 469 1352 507 civium,

206 514 301 554 Virgo
326 514 444 554 duplici
469 524 582 548 corona
880 516 996 555 Quibus
1020 524 1118 548 nexus
1142 516 1210 548 veri
1234 516 1295 547 zeli

248 561 399 593 Praedita
422 562 623 603 martyribus.
928 563 1079 596 Constans
1105 565 1152 594 est
1177 563 1366 595 coelestium.

145 619 175 649 2.
203 618 287 650 Galli
314 621 406 650 cantu
428 627 537 651 versus
561 619 620 650 ivit
822 621 853 653 6.
878 619 956 659 Ejus
982 620 1070 659 preci
1094 617 1184 650 favor
1209 619 1310 659 datur,

248 664 348 699 Urbis
373 669 480 704 portas
502 666 640 705 inclitae,
923 665 1095 698 Exhalavit
1117 666 1246 705 spiritus

201 711 281 749 DiiS,
306 721 492 751 praeconem
518 713 640 745 audivit
878 713 923 745 Ut
947 714 1098 752 columba,
1125 717 1290 744 coronatur

251 758 453 798 clamantem,
483 760 555 791 thus
580 760 714 802 tradite3
927 760 1002 792 Cum
1027 760 1170 800 supernis
1196 760 1334 802 coelitus,

199 805 316 837 Dicens
338 806 476 844 judicem
502 806 619 838 adivit:
879 806 999 847 Corpus
1022 807 1055 838 in
1081 815 1172 838 cruce
1195 808 1326 847 locatur,

248 852 311 886 Gur
334 853 395 884 hoc
418 854 494 896 agis,
520 853 669 893 perdite?
926 854 1013 892 Quod
1038 854 1092 886 nix
1116 854 1196 886 texit
1217 854 1352 893 penitus.

141 909 172 941 3.
198 908 379 940 Pneumatis
403 919 537 942 arcanae
561 910 674 941 mentis
820 911 850 942 7.
876 910 988 942 Funde
1012 918 1132 949 preceS,
1158 919 1273 949 sponsa
1298 910 1424 952 Christi,

248 957 325 994 Igne
348 957 431 988 sacri
456 956 583 995 ferbuit,
923 957 984 989 Pro
1010 957 1109 995 nobiS,
1135 957 1270 998 Eulalia,

200 1001 318 1034 Christi
341 1004 473 1035 vernula
495 1004 659 1035 tormentis
875 1004 922 1036 Ut
944 1004 1056 1036 relicto
1078 1004 1195 1035 mundo
1220 1004 1303 1035 tristi

244 1048 355 1089 Affligi
380 1059 440 1081 non
465 1050 578 1088 timuit,
922 1050 1068 1082 Volemus
1093 1050 1134 1082 ad
1159 1051 1241 1082 atria

198 1096 235 1127 In
261 1094 399 1128 furorem
424 1097 590 1129 saevientis
876 1098 955 1138 Poli,
982 1107 1061 1137 quae
1085 1100 1118 1128 tu
1142 1097 1283 1128 meruisti

245 1143 387 1182 Pugilem
411 1153 445 1175 se
469 1144 588 1176 statuit.
921 1144 983 1176 Per
1006 1145 1105 1176 multa
1128 1144 1292 1184 supplicia.

139 1200 170 1232 4.
196 1199 318 1231 Furens
340 1200 440 1239 ¹iudex
466 1200 598 1232 cruciari
817 1201 849 1233 8.
875 1199 922 1231 Sit
945 1200 1024 1242 laus,
1051 1200 1150 1232 virtus
1176 1200 1320 1243 trinitati,

243 1246 356 1278 Poenis
376 1248 473 1286 J'ussit
495 1248 644 1288 trucibus,
921 1247 1025 1278 Decus
1050 1249 1143 1286 atque
1168 1247 1277 1286 gloria,

197 1294 258 1326 Uri
283 1296 313 1324 et
338 1295 521 1334 exungulari
874 1295 1031 1326 Personae
1054 1294 1155 1334 patris
1181 1298 1213 1324 et
1235 1295 1310 1334 nati,

248 1340 405 1380 Caedique
429 1341 622 1384 verberibus,
921 1340 1084 1380 Flaminis,
1112 1341 1247 1372 essentia

196 1388 282 1427 Quae
305 1389 427 1427 rogavit
451 1389 596 1428 adjuvari
876 1388 1011 1426 Quorum
1033 1396 1104 1426 una,
1131 1397 1192 1426 qua
1216 1388 1300 1420 beati

243 1434 351 1468 Flexis
376 1435 444 1467 Deo
469 1435 608 1476 genibus.
922 1434 1048 1467 Summa
1070 1433 1192 1474 fulgent
1213 1436 1327 1474 patria.

140 1536 192 1564 (ll
214 1500 297 1527 Brev.
324 1498 498 1528 Celsonense
525 1502 595 1536 imp.
623 1500 872 1536 Caesaraugustae
899 1498 980 1527 1514.
1007 1514 1044 1519 -—
1066 1499 1232 1527 Verfasser:
1263 1501 1431 1534 Ancnymus

152 1536 181 1564 *e
193 1538 333 1564 senensis.

575 1619 634 1651 187.
674 1620 718 1651 De
738 1620 846 1652 sancta
865 1619 1002 1651 Eulalia.

144 1689 172 1721 1.
199 1689 292 1721 Nunc
316 1689 470 1728 gloriosae
493 1690 624 1730 virginis
819 1692 851 1723 3.
878 1690 902 1722 Ο
928 1690 1027 1730 virgo,
1055 1690 1156 1722 duleis
1181 1691 1321 1731 vernula,

199 1736 262 1768 Hic
287 1737 485 1768 concinamus
510 1737 641 1777 gloriam
875 1737 960 1775 Quae
985 1738 1031 1769 sic
1054 1737 1177 1777 negasti
1200 1739 1336 1778 pervigil

198 1783 354 1824 Eulaliae,
379 1787 415 1815 ut
438 1784 634 1824 precantium
876 1785 1027 1824 Pompam
1051 1785 1186 1816 nocendi
1211 1786 1376 1824 pessimam

202 1831 295 1864 Coelo
321 1834 463 1862 reservet
486 1831 670 1871 praemium.
876 1831 944 1862 Nec
966 1841 1028 1863 non
1052 1832 1153 1863 minas
1179 1832 1350 1872 Calpurnii.

141 1890 171 1920 2.
197 1888 285 1920 Haec
308 1897 442 1929 namque
461 1888 616 1921 Christum
636 1887 761 1920 fortiter
820 1889 850 1921 4.
876 1887 944 1919 Fac
967 1897 1023 1920 nos
1046 1894 1211 1928 precantes
1234 1898 1362 1930 surgere

198 1935 320 1968 Dilexit
344 1939 376 1967 et
399 1945 458 1975 pro
483 1944 612 1968 munere
876 1935 913 1966 In
938 1939 1037 1967 morte
1060 1937 1166 1975 lapsos
1192 1937 1343 1980 criminis,

197 1983 290 2015 Vitae
313 1984 461 2022 perennis
485 1983 632 2024 gaudium
877 1981 1022 2015 Salvator
1044 1986 1081 2016 ut
1101 1984 1164 2023 J'am
1191 1985 1307 2016 saeculi

198 2029 329 2063 Confert
351 2030 503 2071 benignus
529 2031 681 2063 conditor.
874 2029 996 2062 Noxam
1021 2031 1160 2063 remittat
1185 2033 1327 2066 servulis,

536 2089 567 2121 5.
592 2087 682 2120 Patri
705 2087 774 2119 Deo
800 2087 845 2119 sic
869 2087 1020 2119 mittimus

590 2135 728 2175 Laudes,
754 2134 847 2166 simul
871 2135 1024 2174 paraclito

589 2182 715 2223 Sancto,
744 2185 838 2215 decus
863 2182 905 2213 sit
930 2181 1003 2223 filio,

590 2230 649 2269 Qui
673 2233 786 2270 regnat
808 2229 842 2262 in
866 2233 1061 2269 perpetuum.

213 2295 287 2324 Aus:
315 2295 413 2323 Aurea
431 2296 603 2332 hymnorum
624 2296 767 2332 expositio
794 2303 845 2332 per
865 2295 983 2323 Petrum
1001 2295 1103 2324 Nufiez
1123 2296 1254 2333 Delgado
1281 2299 1350 2336 imp.
1371 2308 1393 2327 s.
1414 2299 1433 2327 1.

138 2337 167 2362 et
186 2342 211 2361 a.
232 2349 269 2353 —
288 2334 346 2361 Mit
365 2334 415 2361 der
427 2335 626 2370 Bemerlzung:
650 2334 754 2369 „Hune
767 2334 904 2369 hymnum
919 2337 1037 2370 rogatus
1052 2337 1209 2371 composui,
1223 2338 1257 2364 ut
1269 2340 1434 2366 cantaretur

137 2374 169 2400 in
190 2372 246 2401 hac
263 2371 390 2400 dioecesi
409 2373 581 2409 Hispalensi
601 2372 638 2399 ad
658 2372 744 2400 horas
764 2370 949 2400 matutinas.“
983 2373 1085 2401 Petrus
1105 2372 1206 2401 Nufiez
1220 2374 1351 2411 Delgado
1372 2385 1433 2405 war
