<?xml version="1.0" encoding="UTF-8"?>
<!DOCTYPE html PUBLIC "-//W3C//DTD XHTML 1.0 Transitional//EN"
    "http://www.w3.org/TR/xhtml1/DTD/xhtml1-transitional.dtd">
<html xmlns="http://www.w3.org/1999/xhtml" xml:lang="en" lang="en">
 <head>
  <title>
</title>
<meta http-equiv="Content-Type" content="text/html;charset=utf-8" />
  <meta name='ocr-system' content='tesseract 3.04.00' />
  <meta name='ocr-capabilities' content='ocr_page ocr_carea ocr_par ocr_line ocrx_word'/>
</head>
<body>
  <div class='ocr_page' id='page_1' title='image "./analectahymnica16drevuoft_00115.png"; bbox 0 0 1651 2518; ppageno 0'>
   <div class='ocr_carea' id='block_1_1' title="bbox 742 100 998 138">
    <p class='ocr_par' dir='ltr' id='par_1_1' title="bbox 742 100 998 138">
     <span class='ocr_line' id='line_1_1' title="bbox 742 100 998 138; baseline -0.004 0"><span class='ocrx_word' id='word_1_1' title='bbox 742 100 998 138; x_wconf 63' lang='lat'>—112—</span> 
     </span>
    </p>
   </div>
   <div class='ocr_carea' id='block_1_2' title="bbox 569 212 1177 316">
    <p class='ocr_par' dir='ltr' id='par_1_2' title="bbox 569 212 1177 316">
     <span class='ocr_line' id='line_1_2' title="bbox 569 212 1177 246; baseline -0.002 -1"><span class='ocrx_word' id='word_1_2' title='bbox 569 214 622 246; x_wconf 82' lang='lat'><strong>171.</strong></span> <span class='ocrx_word' id='word_1_3' title='bbox 661 214 704 244; x_wconf 87' lang='lat' dir='ltr'><strong>De</strong></span> <span class='ocrx_word' id='word_1_4' title='bbox 723 220 763 244; x_wconf 86' lang='lat' dir='ltr'><strong>ss.</strong></span> <span class='ocrx_word' id='word_1_5' title='bbox 782 212 936 243; x_wconf 65' lang='lat' dir='ltr'><strong>Eut-eterit»</strong></span> <span class='ocrx_word' id='word_1_6' title='bbox 958 213 990 242; x_wconf 83' lang='lat' dir='ltr'><strong>et</strong></span> <span class='ocrx_word' id='word_1_7' title='bbox 1012 212 1177 244; x_wconf 64' lang='lat' dir='ltr'><strong>Cel-edonis.</strong></span> 
     </span>
     <span class='ocr_line' id='line_1_3' title="bbox 763 278 984 316; baseline 0 -9"><span class='ocrx_word' id='word_1_8' title='bbox 763 279 810 308; x_wconf 89' lang='lat' dir='ltr'><strong>Ad</strong></span> <span class='ocrx_word' id='word_1_9' title='bbox 831 278 984 316; x_wconf 79' lang='lat' dir='ltr'><strong>Vesperas.</strong></span> 
     </span>
    </p>
   </div>
   <div class='ocr_carea' id='block_1_3' title="bbox 236 347 792 529">
    <p class='ocr_par' dir='ltr' id='par_1_3' title="bbox 236 347 792 529">
     <span class='ocr_line' id='line_1_4' title="bbox 236 347 792 388; baseline -0.005 -6"><span class='ocrx_word' id='word_1_10' title='bbox 236 351 267 382; x_wconf 84' lang='lat'><strong>1.</strong></span> <span class='ocrx_word' id='word_1_11' title='bbox 293 349 471 381; x_wconf 81' lang='lat' dir='ltr'>Laudemus</span> <span class='ocrx_word' id='word_1_12' title='bbox 492 349 649 382; x_wconf 73' lang='lat' dir='ltr'><strong>Christum</strong></span> <span class='ocrx_word' id='word_1_13' title='bbox 671 347 792 388; x_wconf 82' lang='lat' dir='ltr'><strong>pariter</strong></span> 
     </span>
     <span class='ocr_line' id='line_1_5' title="bbox 293 396 762 436; baseline -0.006 -8"><span class='ocrx_word' id='word_1_14' title='bbox 293 396 337 429; x_wconf 87' lang='lat' dir='ltr'><strong>Et</strong></span> <span class='ocrx_word' id='word_1_15' title='bbox 360 396 531 436; x_wconf 81' lang='lat' dir='ltr'><strong>psallamus</strong></span> <span class='ocrx_word' id='word_1_16' title='bbox 556 396 762 434; x_wconf 83' lang='lat' dir='ltr'><strong>concorditer,</strong></span> 
     </span>
     <span class='ocr_line' id='line_1_6' title="bbox 292 442 706 482; baseline -0.005 -7"><span class='ocrx_word' id='word_1_17' title='bbox 292 442 443 475; x_wconf 87' lang='lat' dir='ltr'><strong>Sistamus</strong></span> <span class='ocrx_word' id='word_1_18' title='bbox 471 444 537 482; x_wconf 79' lang='lat' dir='ltr'><strong>ejus</strong></span> <span class='ocrx_word' id='word_1_19' title='bbox 560 442 706 475; x_wconf 82' lang='lat' dir='ltr'><strong>laudibus</strong></span> 
     </span>
     <span class='ocr_line' id='line_1_7' title="bbox 289 488 708 529; baseline -0.002 -8"><span class='ocrx_word' id='word_1_20' title='bbox 289 490 383 529; x_wconf 86' lang='lat' dir='ltr'><strong>Aptis</strong></span> <span class='ocrx_word' id='word_1_21' title='bbox 409 489 547 521; x_wconf 88' lang='lat' dir='ltr'><strong>canendo</strong></span> <span class='ocrx_word' id='word_1_22' title='bbox 571 488 708 521; x_wconf 82' lang='lat' dir='ltr'><strong>vocibus.</strong></span> 
     </span>
    </p>
   </div>
   <div class='ocr_carea' id='block_1_4' title="bbox 236 545 776 717">
    <p class='ocr_par' dir='ltr' id='par_1_4' title="bbox 236 545 776 717">
     <span class='ocr_line' id='line_1_8' title="bbox 236 545 776 578; baseline -0.006 0"><span class='ocrx_word' id='word_1_23' title='bbox 236 547 266 578; x_wconf 86' lang='lat'><strong>2.</strong></span> <span class='ocrx_word' id='word_1_24' title='bbox 291 545 419 578; x_wconf 83' lang='lat' dir='ltr'><strong>Festum</strong></span> <span class='ocrx_word' id='word_1_25' title='bbox 442 547 619 576; x_wconf 82' lang='lat' dir='ltr'><strong>sanctorum</strong></span> <span class='ocrx_word' id='word_1_26' title='bbox 643 545 776 576; x_wconf 86' lang='lat' dir='ltr'><strong>militum</strong></span> 
     </span>
     <span class='ocr_line' id='line_1_9' title="bbox 294 591 734 632; baseline -0.002 -9"><span class='ocrx_word' id='word_1_27' title='bbox 294 591 491 623; x_wconf 88' lang='lat' dir='ltr'><strong>Celebremus</strong></span> <span class='ocrx_word' id='word_1_28' title='bbox 517 600 586 622; x_wconf 83' lang='lat' dir='ltr'><strong>oum</strong></span> <span class='ocrx_word' id='word_1_29' title='bbox 610 591 734 632; x_wconf 83' lang='lat' dir='ltr'><strong>gaudio,</strong></span> 
     </span>
     <span class='ocr_line' id='line_1_10' title="bbox 293 638 741 676; baseline -0.004 -6"><span class='ocrx_word' id='word_1_30' title='bbox 293 638 425 676; x_wconf 83' lang='lat' dir='ltr'><strong>Quorum</strong></span> <span class='ocrx_word' id='word_1_31' title='bbox 452 639 518 669; x_wconf 85' lang='lat' dir='ltr'><strong>vita</strong></span> <span class='ocrx_word' id='word_1_32' title='bbox 542 641 572 668; x_wconf 91' lang='lat' dir='ltr'><strong>et</strong></span> <span class='ocrx_word' id='word_1_33' title='bbox 597 638 741 669; x_wconf 82' lang='lat' dir='ltr'><strong>meritum</strong></span> 
     </span>
     <span class='ocr_line' id='line_1_11' title="bbox 292 684 734 717; baseline 0 -1"><span class='ocrx_word' id='word_1_34' title='bbox 292 684 378 716; x_wconf 80' lang='lat' dir='ltr'><strong>Coeli</strong></span> <span class='ocrx_word' id='word_1_35' title='bbox 403 685 599 716; x_wconf 75' lang='lat' dir='ltr'>commendat</span> <span class='ocrx_word' id='word_1_36' title='bbox 619 685 734 717; x_wconf 84' lang='lat' dir='ltr'><strong>concio.</strong></span> 
     </span>
    </p>
   </div>
   <div class='ocr_carea' id='block_1_5' title="bbox 235 738 696 913">
    <p class='ocr_par' dir='ltr' id='par_1_5' title="bbox 235 738 696 913">
     <span class='ocr_line' id='line_1_12' title="bbox 235 738 696 779; baseline -0.007 -5"><span class='ocrx_word' id='word_1_37' title='bbox 235 743 265 774; x_wconf 87' lang='lat'><strong>3.</strong></span> <span class='ocrx_word' id='word_1_38' title='bbox 291 741 398 773; x_wconf 91' lang='lat' dir='ltr'><strong>Armis</strong></span> <span class='ocrx_word' id='word_1_39' title='bbox 422 740 597 779; x_wconf 82' lang='lat' dir='ltr'><strong>praecincti</strong></span> <span class='ocrx_word' id='word_1_40' title='bbox 620 738 696 772; x_wconf 92' lang='lat' dir='ltr'><strong>fidei</strong></span> 
     </span>
     <span class='ocr_line' id='line_1_13' title="bbox 292 787 659 819; baseline -0.003 0"><span class='ocrx_word' id='word_1_41' title='bbox 292 787 498 819; x_wconf 80' lang='lat' dir='ltr'><strong>Certaverunt</strong></span> <span class='ocrx_word' id='word_1_42' title='bbox 522 787 659 818; x_wconf 75' lang='lat' dir='ltr'><strong>virilitor</strong></span> 
     </span>
     <span class='ocr_line' id='line_1_14' title="bbox 291 834 689 872; baseline -0.003 -7"><span class='ocrx_word' id='word_1_43' title='bbox 291 834 335 866; x_wconf 89' lang='lat' dir='ltr'><strong>Et</strong></span> <span class='ocrx_word' id='word_1_44' title='bbox 356 835 536 865; x_wconf 86' lang='lat' dir='ltr'><strong>meruerunt</strong></span> <span class='ocrx_word' id='word_1_45' title='bbox 558 834 689 872; x_wconf 87' lang='lat' dir='ltr'><strong>provehi</strong></span> 
     </span>
     <span class='ocr_line' id='line_1_15' title="bbox 290 879 677 913; baseline 0 -1"><span class='ocrx_word' id='word_1_46' title='bbox 290 881 341 913; x_wconf 86' lang='lat' dir='ltr'><strong>Ad</strong></span> <span class='ocrx_word' id='word_1_47' title='bbox 368 889 511 912; x_wconf 82' lang='lat' dir='ltr'><strong>eoronam</strong></span> <span class='ocrx_word' id='word_1_48' title='bbox 533 879 677 913; x_wconf 81' lang='lat' dir='ltr'><strong>feliciter.</strong></span> 
     </span>
    </p>
   </div>
   <div class='ocr_carea' id='block_1_6' title="bbox 904 349 936 380">
    <p class='ocr_par' dir='ltr' id='par_1_6' title="bbox 904 349 936 380">
     <span class='ocr_line' id='line_1_16' title="bbox 904 349 936 380; baseline -0.031 0"><span class='ocrx_word' id='word_1_49' title='bbox 904 349 936 380; x_wconf 83' lang='lat'><strong>4.</strong></span> 
     </span>
    </p>
   </div>
   <div class='ocr_carea' id='block_1_7' title="bbox 908 545 938 576">
    <p class='ocr_par' dir='ltr' id='par_1_7' title="bbox 908 545 938 576">
     <span class='ocr_line' id='line_1_17' title="bbox 908 545 938 576; baseline -0.067 0"><span class='ocrx_word' id='word_1_50' title='bbox 908 545 938 576; x_wconf 83' lang='lat'><strong>5.</strong></span> 
     </span>
    </p>
   </div>
   <div class='ocr_carea' id='block_1_8' title="bbox 961 348 1420 723">
    <p class='ocr_par' dir='ltr' id='par_1_8' title="bbox 961 348 1420 723">
     <span class='ocr_line' id='line_1_18' title="bbox 965 348 1375 388; baseline 0 -9"><span class='ocrx_word' id='word_1_51' title='bbox 965 348 1042 379; x_wconf 87' lang='lat' dir='ltr'><strong>Post</strong></span> <span class='ocrx_word' id='word_1_52' title='bbox 1065 348 1165 380; x_wconf 77' lang='lat' dir='ltr'><strong>minas</strong></span> <span class='ocrx_word' id='word_1_53' title='bbox 1191 351 1221 379; x_wconf 87' lang='lat' dir='ltr'><strong>et</strong></span> <span class='ocrx_word' id='word_1_54' title='bbox 1242 348 1375 388; x_wconf 75' lang='lat' dir='ltr'><strong>injurias</strong></span> 
     </span>
     <span class='ocr_line' id='line_1_19' title="bbox 963 393 1360 433; baseline 0 -8"><span class='ocrx_word' id='word_1_55' title='bbox 963 393 1058 426; x_wconf 81' lang='lat' dir='ltr'><strong>Sacro</strong></span> <span class='ocrx_word' id='word_1_56' title='bbox 1080 395 1211 433; x_wconf 83' lang='lat' dir='ltr'><strong>juvante</strong></span> <span class='ocrx_word' id='word_1_57' title='bbox 1236 394 1360 427; x_wconf 83' lang='lat' dir='ltr'><strong>flamine</strong></span> 
     </span>
     <span class='ocr_line' id='line_1_20' title="bbox 963 440 1404 481; baseline 0 -9"><span class='ocrx_word' id='word_1_58' title='bbox 963 440 1066 473; x_wconf 85' lang='lat' dir='ltr'><strong>Stolas</strong></span> <span class='ocrx_word' id='word_1_59' title='bbox 1090 441 1236 473; x_wconf 83' lang='lat' dir='ltr'><strong>laverunt</strong></span> <span class='ocrx_word' id='word_1_60' title='bbox 1260 441 1404 481; x_wconf 79' lang='lat' dir='ltr'><strong>proprias</strong></span> 
     </span>
     <span class='ocr_line' id='line_1_21' title="bbox 961 487 1407 527; baseline 0.004 -9"><span class='ocrx_word' id='word_1_61' title='bbox 961 487 998 518; x_wconf 83' lang='lat' dir='ltr'><strong>ln</strong></span> <span class='ocrx_word' id='word_1_62' title='bbox 1021 487 1094 527; x_wconf 88' lang='lat' dir='ltr'><strong>agni</strong></span> <span class='ocrx_word' id='word_1_63' title='bbox 1116 488 1225 519; x_wconf 87' lang='lat' dir='ltr'><strong>mundi</strong></span> <span class='ocrx_word' id='word_1_64' title='bbox 1248 488 1407 527; x_wconf 84' lang='lat' dir='ltr'><strong>sanguine.</strong></span> 
     </span>
     <span class='ocr_line' id='line_1_22' title="bbox 966 543 1420 582; baseline 0 -8"><span class='ocrx_word' id='word_1_65' title='bbox 966 543 1047 581; x_wconf 77' lang='lat' dir='ltr'><strong>Quos</strong></span> <span class='ocrx_word' id='word_1_66' title='bbox 1071 544 1187 575; x_wconf 88' lang='lat' dir='ltr'><strong>mundo</strong></span> <span class='ocrx_word' id='word_1_67' title='bbox 1204 543 1292 582; x_wconf 87' lang='lat' dir='ltr'><strong>prius</strong></span> <span class='ocrx_word' id='word_1_68' title='bbox 1318 543 1420 575; x_wconf 81' lang='lat' dir='ltr'><strong>edidit</strong></span> 
     </span>
     <span class='ocr_line' id='line_1_23' title="bbox 963 589 1351 629; baseline 0.003 -9"><span class='ocrx_word' id='word_1_69' title='bbox 963 589 1048 621; x_wconf 89' lang='lat' dir='ltr'><strong>Urbs</strong></span> <span class='ocrx_word' id='word_1_70' title='bbox 1075 589 1220 621; x_wconf 82' lang='lat' dir='ltr'><strong>dedicata</strong></span> <span class='ocrx_word' id='word_1_71' title='bbox 1243 590 1351 629; x_wconf 83' lang='lat' dir='ltr'><strong>Legio,</strong></span> 
     </span>
     <span class='ocr_line' id='line_1_24' title="bbox 961 635 1409 668; baseline 0 -1"><span class='ocrx_word' id='word_1_72' title='bbox 961 636 1029 668; x_wconf 86' lang='lat' dir='ltr'><strong>Hos</strong></span> <span class='ocrx_word' id='word_1_73' title='bbox 1055 636 1140 668; x_wconf 78' lang='lat' dir='ltr'><strong>coelo</strong></span> <span class='ocrx_word' id='word_1_74' title='bbox 1165 635 1241 667; x_wconf 83' lang='lat' dir='ltr'><strong>felix</strong></span> <span class='ocrx_word' id='word_1_75' title='bbox 1266 636 1409 668; x_wconf 85' lang='lat' dir='ltr'><strong>reddidit</strong></span> 
     </span>
     <span class='ocr_line' id='line_1_25' title="bbox 966 682 1320 723; baseline 0.003 -9"><span class='ocrx_word' id='word_1_76' title='bbox 966 682 1136 723; x_wconf 81' lang='lat' dir='ltr'><strong>Calagurra</strong></span> <span class='ocrx_word' id='word_1_77' title='bbox 1159 683 1320 722; x_wconf 80' lang='lat' dir='ltr'><strong>martyrio,</strong></span> 
     </span>
    </p>
   </div>
   <div class='ocr_carea' id='block_1_9' title="bbox 931 738 1373 779">
    <p class='ocr_par' dir='ltr' id='par_1_9' title="bbox 931 738 1373 779">
     <span class='ocr_line' id='line_1_26' title="bbox 931 738 1373 779; baseline 0.005 -10"><span class='ocrx_word' id='word_1_78' title='bbox 931 762 938 769; x_wconf 93' lang='lat'><strong>.</strong></span> <span class='ocrx_word' id='word_1_79' title='bbox 965 738 1090 770; x_wconf 84' lang='lat' dir='ltr'><strong>Summo</strong></span> <span class='ocrx_word' id='word_1_80' title='bbox 1114 738 1182 771; x_wconf 92' lang='lat' dir='ltr'><strong>Deo</strong></span> <span class='ocrx_word' id='word_1_81' title='bbox 1207 739 1250 769; x_wconf 86' lang='lat' dir='ltr'><strong>sit</strong></span> <span class='ocrx_word' id='word_1_82' title='bbox 1272 739 1373 779; x_wconf 82' lang='lat' dir='ltr'><strong>gloria</strong></span> 
     </span>
    </p>
   </div>
   <div class='ocr_carea' id='block_1_10' title="bbox 963 785 1410 911">
    <p class='ocr_par' dir='ltr' id='par_1_10' title="bbox 963 785 1410 911">
     <span class='ocr_line' id='line_1_27' title="bbox 964 785 1391 825; baseline -0.002 -8"><span class='ocrx_word' id='word_1_83' title='bbox 964 786 1027 817; x_wconf 84' lang='lat' dir='ltr'><strong>Pro</strong></span> <span class='ocrx_word' id='word_1_84' title='bbox 1050 789 1223 825; x_wconf 71' lang='lat' dir='ltr'><strong>martyrum</strong></span> <span class='ocrx_word' id='word_1_85' title='bbox 1249 785 1391 825; x_wconf 76' lang='lat' dir='ltr'><strong>victoria,</strong></span> 
     </span>
     <span class='ocr_line' id='line_1_28' title="bbox 963 831 1410 872; baseline 0.002 -9"><span class='ocrx_word' id='word_1_86' title='bbox 963 831 1028 864; x_wconf 84' lang='lat' dir='ltr'><strong>Nos</strong></span> <span class='ocrx_word' id='word_1_87' title='bbox 1051 832 1204 872; x_wconf 81' lang='lat' dir='ltr'><strong>perducat</strong></span> <span class='ocrx_word' id='word_1_88' title='bbox 1229 832 1270 863; x_wconf 88' lang='lat' dir='ltr'><strong>ad</strong></span> <span class='ocrx_word' id='word_1_89' title='bbox 1295 832 1410 871; x_wconf 75' lang='lat' dir='ltr'><strong>gaudia</strong></span> 
     </span>
     <span class='ocr_line' id='line_1_29' title="bbox 963 878 1334 911; baseline -0.003 -1"><span class='ocrx_word' id='word_1_90' title='bbox 963 879 1110 911; x_wconf 89' lang='lat' dir='ltr'><strong>Polorum</strong></span> <span class='ocrx_word' id='word_1_91' title='bbox 1137 880 1211 911; x_wconf 79' lang='lat' dir='ltr'><strong>data</strong></span> <span class='ocrx_word' id='word_1_92' title='bbox 1236 878 1334 910; x_wconf 84' lang='lat' dir='ltr'><strong>venia.</strong></span> 
     </span>
    </p>
   </div>
   <div class='ocr_carea' id='block_1_11' title="bbox 230 942 1521 1017">
    <p class='ocr_par' dir='ltr' id='par_1_11' title="bbox 230 942 1521 1017">
     <span class='ocr_line' id='line_1_30' title="bbox 306 942 1520 978; baseline -0.003 -6"><span class='ocrx_word' id='word_1_93' title='bbox 306 945 390 972; x_wconf 85' lang='lat' dir='ltr'><strong>Brev.</strong></span> <span class='ocrx_word' id='word_1_94' title='bbox 415 953 467 971; x_wconf 58' lang='lat' dir='ltr'><strong>ms.</strong></span> <span class='ocrx_word' id='word_1_95' title='bbox 494 946 655 973; x_wconf 63' lang='lat' dir='ltr'><strong>OxomenJe</strong></span> <span class='ocrx_word' id='word_1_96' title='bbox 681 954 755 972; x_wconf 75' lang='lat' dir='ltr'><strong>saec.</strong></span> <span class='ocrx_word' id='word_1_97' title='bbox 785 943 826 971; x_wconf 82' lang='lat'><strong>15.</strong></span> <span class='ocrx_word' id='word_1_98' title='bbox 858 943 926 970; x_wconf 80' lang='lat' dir='ltr'><strong>cod.</strong></span> <span class='ocrx_word' id='word_1_99' title='bbox 948 943 1041 978; x_wconf 80' lang='lat' dir='ltr'><strong>Capit.</strong></span> <span class='ocrx_word' id='word_1_100' title='bbox 1062 942 1199 971; x_wconf 81' lang='lat' dir='ltr'><strong>Oxomen-</strong></span> <span class='ocrx_word' id='word_1_101' title='bbox 1230 951 1252 970; x_wconf 89' lang='lat' dir='ltr'><strong>s.</strong></span> <span class='ocrx_word' id='word_1_102' title='bbox 1278 952 1305 970; x_wconf 84' lang='lat' dir='ltr'><strong>n.</strong></span> <span class='ocrx_word' id='word_1_103' title='bbox 1326 943 1360 970; x_wconf 92' lang='lat' dir='ltr'><strong>A.</strong></span> <span class='ocrx_word' id='word_1_104' title='bbox 1380 958 1418 963; x_wconf 79' lang='lat'><strong>——-</strong></span> <span class='ocrx_word' id='word_1_105' title='bbox 1437 944 1520 971; x_wconf 81' lang='lat' dir='ltr'><strong>Brev.</strong></span> 
     </span>
     <span class='ocr_line' id='line_1_31' title="bbox 230 979 1521 1017; baseline -0.001 -8"><span class='ocrx_word' id='word_1_106' title='bbox 230 991 264 1009; x_wconf 78' lang='lat' dir='ltr'><strong>m:</strong></span> <span class='ocrx_word' id='word_1_107' title='bbox 276 1003 282 1009; x_wconf 92' lang='lat'><strong>.</strong></span> <span class='ocrx_word' id='word_1_108' title='bbox 295 982 546 1017; x_wconf 84' lang='lat' dir='ltr'><strong>Calagurritanum</strong></span> <span class='ocrx_word' id='word_1_109' title='bbox 559 990 631 1009; x_wconf 58' lang='lat' dir='ltr'><strong>saec,</strong></span> <span class='ocrx_word' id='word_1_110' title='bbox 648 980 689 1008; x_wconf 83' lang='lat'><strong>15.</strong></span> <span class='ocrx_word' id='word_1_111' title='bbox 706 981 772 1009; x_wconf 86' lang='lat' dir='ltr'><strong>Cod.</strong></span> <span class='ocrx_word' id='word_1_112' title='bbox 784 982 988 1009; x_wconf 78' lang='lat' dir='ltr'><strong>salmanticen.</strong></span> <span class='ocrx_word' id='word_1_113' title='bbox 1005 979 1066 1008; x_wconf 84' lang='lat'><strong>186.</strong></span> <span class='ocrx_word' id='word_1_114' title='bbox 1077 981 1110 1006; x_wconf 87' lang='lat' dir='ltr'><strong>B.</strong></span> <span class='ocrx_word' id='word_1_115' title='bbox 1124 996 1162 1001; x_wconf 91' lang='lat'><strong>—</strong></span> <span class='ocrx_word' id='word_1_116' title='bbox 1176 980 1258 1008; x_wconf 87' lang='lat' dir='ltr'><strong>Brev.</strong></span> <span class='ocrx_word' id='word_1_117' title='bbox 1271 980 1521 1016; x_wconf 78' lang='lat' dir='ltr'><strong>Calagm·ritanum</strong></span> 
     </span>
    </p>
   </div>
   <div class='ocr_carea' id='block_1_12' title="bbox 234 1017 863 1054">
    <p class='ocr_par' dir='ltr' id='par_1_12' title="bbox 234 1017 863 1054">
     <span class='ocr_line' id='line_1_32' title="bbox 234 1017 863 1054; baseline -0.003 -8"><span class='ocrx_word' id='word_1_118' title='bbox 234 1023 263 1046; x_wconf 86' lang='lat' dir='ltr'><strong>et</strong></span> <span class='ocrx_word' id='word_1_119' title='bbox 283 1019 432 1047; x_wconf 56' lang='lat' dir='ltr'><strong>Calc-datm</strong></span> <span class='ocrx_word' id='word_1_120' title='bbox 446 1028 461 1046; x_wconf 73' lang='lat' dir='ltr'><strong>e</strong></span> <span class='ocrx_word' id='word_1_121' title='bbox 482 1020 550 1054; x_wconf 84' lang='lat' dir='ltr'><strong>imp.</strong></span> <span class='ocrx_word' id='word_1_122' title='bbox 569 1020 709 1046; x_wconf 72' lang='lat' dir='ltr'><strong>Lucronii</strong></span> <span class='ocrx_word' id='word_1_123' title='bbox 730 1017 811 1046; x_wconf 80' lang='lat'><strong>1543.</strong></span> <span class='ocrx_word' id='word_1_124' title='bbox 833 1018 863 1046; x_wconf 80' lang='grc' dir='ltr'><strong>Ο.</strong></span> 
     </span>
    </p>
   </div>
   <div class='ocr_carea' id='block_1_13' title="bbox 567 1135 1185 1167">
    <p class='ocr_par' dir='ltr' id='par_1_13' title="bbox 567 1135 1185 1167">
     <span class='ocr_line' id='line_1_33' title="bbox 567 1135 1185 1167; baseline 0 -1"><span class='ocrx_word' id='word_1_125' title='bbox 567 1136 626 1167; x_wconf 79' lang='lat'><strong>172.</strong></span> <span class='ocrx_word' id='word_1_126' title='bbox 666 1135 709 1167; x_wconf 90' lang='lat' dir='ltr'><strong>De</strong></span> <span class='ocrx_word' id='word_1_127' title='bbox 728 1143 767 1167; x_wconf 89' lang='lat' dir='ltr'><strong>ss.</strong></span> <span class='ocrx_word' id='word_1_128' title='bbox 787 1136 942 1167; x_wconf 86' lang='lat' dir='ltr'><strong>Emeterio</strong></span> <span class='ocrx_word' id='word_1_129' title='bbox 964 1137 994 1166; x_wconf 78' lang='lat' dir='ltr'><strong>et</strong></span> <span class='ocrx_word' id='word_1_130' title='bbox 1018 1135 1185 1167; x_wconf 77' lang='lat' dir='ltr'><strong>Geledonio.</strong></span> 
     </span>
    </p>
   </div>
   <div class='ocr_carea' id='block_1_14' title="bbox 747 1202 1000 1232">
    <p class='ocr_par' dir='ltr' id='par_1_14' title="bbox 747 1202 1000 1232">
     <span class='ocr_line' id='line_1_34' title="bbox 747 1202 1000 1232; baseline -0.008 -1"><span class='ocrx_word' id='word_1_131' title='bbox 747 1202 794 1231; x_wconf 85' lang='lat' dir='ltr'><strong>Ad</strong></span> <span class='ocrx_word' id='word_1_132' title='bbox 813 1202 1000 1232; x_wconf 80' lang='lat' dir='ltr'><strong>Nocturnum.</strong></span> 
     </span>
    </p>
   </div>
   <div class='ocr_carea' id='block_1_15' title="bbox 237 1270 787 1442">
    <p class='ocr_par' dir='ltr' id='par_1_15' title="bbox 237 1270 787 1442">
     <span class='ocr_line' id='line_1_35' title="bbox 237 1270 748 1303; baseline 0 0"><span class='ocrx_word' id='word_1_133' title='bbox 237 1272 267 1303; x_wconf 88' lang='lat'><strong>1.</strong></span> <span class='ocrx_word' id='word_1_134' title='bbox 293 1270 381 1303; x_wconf 87' lang='lat' dir='ltr'><strong>Haec</strong></span> <span class='ocrx_word' id='word_1_135' title='bbox 405 1271 506 1302; x_wconf 87' lang='lat' dir='ltr'><strong>nostri</strong></span> <span class='ocrx_word' id='word_1_136' title='bbox 531 1271 618 1302; x_wconf 82' lang='lat' dir='ltr'><strong>chori</strong></span> <span class='ocrx_word' id='word_1_137' title='bbox 643 1272 748 1303; x_wconf 78' lang='lat' dir='ltr'><strong>concio</strong></span> 
     </span>
     <span class='ocr_line' id='line_1_36' title="bbox 291 1317 672 1357; baseline -0.003 -8"><span class='ocrx_word' id='word_1_138' title='bbox 291 1318 442 1349; x_wconf 85' lang='lat' dir='ltr'><strong>Laetetur</strong></span> <span class='ocrx_word' id='word_1_139' title='bbox 464 1317 497 1348; x_wconf 91' lang='lat' dir='ltr'><strong>in</strong></span> <span class='ocrx_word' id='word_1_140' title='bbox 521 1317 672 1357; x_wconf 85' lang='lat' dir='ltr'><strong>martyrio</strong></span> 
     </span>
     <span class='ocr_line' id='line_1_37' title="bbox 293 1363 777 1397; baseline -0.004 -1"><span class='ocrx_word' id='word_1_141' title='bbox 293 1364 478 1396; x_wconf 81' lang='lat' dir='ltr'><strong>Sanctorum</strong></span> <span class='ocrx_word' id='word_1_142' title='bbox 504 1363 622 1397; x_wconf 82' lang='lat' dir='ltr'><strong>Christi</strong></span> <span class='ocrx_word' id='word_1_143' title='bbox 644 1364 777 1395; x_wconf 85' lang='lat' dir='ltr'><strong>militum</strong></span> 
     </span>
     <span class='ocr_line' id='line_1_38' title="bbox 293 1410 787 1442; baseline -0.002 0"><span class='ocrx_word' id='word_1_144' title='bbox 293 1410 453 1442; x_wconf 88' lang='lat' dir='ltr'><strong>Honorem</strong></span> <span class='ocrx_word' id='word_1_145' title='bbox 476 1410 613 1442; x_wconf 86' lang='lat' dir='ltr'><strong>reddens</strong></span> <span class='ocrx_word' id='word_1_146' title='bbox 640 1410 787 1442; x_wconf 90' lang='lat' dir='ltr'><strong>debitum.</strong></span> 
     </span>
    </p>
   </div>
   <div class='ocr_carea' id='block_1_16' title="bbox 233 1466 725 1646">
    <p class='ocr_par' dir='ltr' id='par_1_16' title="bbox 233 1466 725 1646">
     <span class='ocr_line' id='line_1_39' title="bbox 233 1466 707 1506; baseline -0.004 -7"><span class='ocrx_word' id='word_1_147' title='bbox 233 1469 265 1501; x_wconf 85' lang='lat'><strong>2.</strong></span> <span class='ocrx_word' id='word_1_148' title='bbox 291 1467 353 1500; x_wconf 86' lang='lat' dir='ltr'><strong>Hic</strong></span> <span class='ocrx_word' id='word_1_149' title='bbox 377 1475 511 1506; x_wconf 84' lang='lat' dir='ltr'><strong>namque</strong></span> <span class='ocrx_word' id='word_1_150' title='bbox 536 1466 707 1498; x_wconf 78' lang='lat' dir='ltr'><strong>beatissimi</strong></span> 
     </span>
     <span class='ocr_line' id='line_1_40' title="bbox 294 1513 717 1552; baseline -0.005 -6"><span class='ocrx_word' id='word_1_151' title='bbox 294 1513 399 1547; x_wconf 82' lang='lat' dir='ltr'><strong>Minas</strong></span> <span class='ocrx_word' id='word_1_152' title='bbox 424 1514 511 1545; x_wconf 86' lang='lat' dir='ltr'><strong>ducis</strong></span> <span class='ocrx_word' id='word_1_153' title='bbox 536 1514 717 1552; x_wconf 82' lang='lat' dir='ltr'><strong>nequissimi</strong></span> 
     </span>
     <span class='ocr_line' id='line_1_41' title="bbox 290 1560 721 1600; baseline -0.007 -7"><span class='ocrx_word' id='word_1_154' title='bbox 290 1561 482 1600; x_wconf 76' lang='lat' dir='ltr'><strong>spernentes</strong></span> <span class='ocrx_word' id='word_1_155' title='bbox 508 1568 576 1591; x_wconf 84' lang='lat' dir='ltr'><strong>eum</strong></span> <span class='ocrx_word' id='word_1_156' title='bbox 599 1560 721 1591; x_wconf 83' lang='lat' dir='ltr'><strong>laetitia</strong></span> 
     </span>
     <span class='ocr_line' id='line_1_42' title="bbox 290 1606 725 1646; baseline 0 -7"><span class='ocrx_word' id='word_1_157' title='bbox 290 1607 471 1640; x_wconf 83' lang='lat' dir='ltr'><strong>Trahuntur</strong></span> <span class='ocrx_word' id='word_1_158' title='bbox 495 1606 536 1638; x_wconf 87' lang='lat' dir='ltr'><strong>ad</strong></span> <span class='ocrx_word' id='word_1_159' title='bbox 559 1606 725 1646; x_wconf 84' lang='lat' dir='ltr'><strong>supplicia.</strong></span> 
     </span>
    </p>
   </div>
   <div class='ocr_carea' id='block_1_17' title="bbox 234 1662 776 1843">
    <p class='ocr_par' dir='ltr' id='par_1_17' title="bbox 234 1662 776 1843">
     <span class='ocr_line' id='line_1_43' title="bbox 234 1662 776 1702; baseline -0.007 -5"><span class='ocrx_word' id='word_1_160' title='bbox 234 1666 264 1697; x_wconf 79' lang='lat'><strong>3.</strong></span> <span class='ocrx_word' id='word_1_161' title='bbox 290 1663 476 1702; x_wconf 78' lang='lat' dir='ltr'><strong>Contempto</strong></span> <span class='ocrx_word' id='word_1_162' title='bbox 500 1662 608 1694; x_wconf 84' lang='lat' dir='ltr'><strong>mundi</strong></span> <span class='ocrx_word' id='word_1_163' title='bbox 633 1663 776 1701; x_wconf 82' lang='lat' dir='ltr'><strong>eulmine,</strong></span> 
     </span>
     <span class='ocr_line' id='line_1_44' title="bbox 290 1708 770 1749; baseline -0.006 -6"><span class='ocrx_word' id='word_1_164' title='bbox 290 1712 352 1743; x_wconf 90' lang='lat' dir='ltr'><strong>Pro</strong></span> <span class='ocrx_word' id='word_1_165' title='bbox 379 1709 503 1744; x_wconf 88' lang='lat' dir='ltr'><strong>Christo</strong></span> <span class='ocrx_word' id='word_1_166' title='bbox 527 1708 596 1741; x_wconf 87' lang='lat' dir='ltr'><strong>fuso</strong></span> <span class='ocrx_word' id='word_1_167' title='bbox 620 1710 770 1749; x_wconf 84' lang='lat' dir='ltr'><strong>sanguine</strong></span> 
     </span>
     <span class='ocr_line' id='line_1_45' title="bbox 292 1756 727 1790; baseline -0.002 -1"><span class='ocrx_word' id='word_1_168' title='bbox 292 1756 472 1790; x_wconf 80' lang='lat' dir='ltr'><strong>Gaudentes</strong></span> <span class='ocrx_word' id='word_1_169' title='bbox 502 1765 570 1788; x_wconf 81' lang='lat' dir='ltr'><strong>eum</strong></span> <span class='ocrx_word' id='word_1_170' title='bbox 596 1756 727 1788; x_wconf 76' lang='lat' dir='ltr'><strong>victoria</strong></span> 
     </span>
     <span class='ocr_line' id='line_1_46' title="bbox 290 1803 709 1843; baseline 0 -8"><span class='ocrx_word' id='word_1_171' title='bbox 290 1805 399 1843; x_wconf 86' lang='lat' dir='ltr'><strong>Regna</strong></span> <span class='ocrx_word' id='word_1_172' title='bbox 419 1806 532 1842; x_wconf 87' lang='lat' dir='ltr'><strong>petunt</strong></span> <span class='ocrx_word' id='word_1_173' title='bbox 552 1803 709 1835; x_wconf 86' lang='lat' dir='ltr'><strong>coelestia.</strong></span> 
     </span>
    </p>
   </div>
   <div class='ocr_carea' id='block_1_18' title="bbox 906 1269 1394 1312">
    <p class='ocr_par' dir='ltr' id='par_1_18' title="bbox 906 1269 1394 1312">
     <span class='ocr_line' id='line_1_47' title="bbox 906 1269 1394 1312; baseline -0.006 -9"><span class='ocrx_word' id='word_1_174' title='bbox 906 1272 937 1303; x_wconf 81' lang='lat'><strong>4.</strong></span> <span class='ocrx_word' id='word_1_175' title='bbox 964 1271 1052 1303; x_wconf 90' lang='lat' dir='ltr'><strong>Unus</strong></span> <span class='ocrx_word' id='word_1_176' title='bbox 1076 1269 1212 1309; x_wconf 79' lang='lat' dir='ltr'><strong>projecit</strong></span> <span class='ocrx_word' id='word_1_177' title='bbox 1236 1270 1394 1312; x_wconf 87' lang='lat' dir='ltr'><strong>annulum,</strong></span> 
     </span>
    </p>
   </div>
   <div class='ocr_carea' id='block_1_19' title="bbox 905 1468 935 1498">
    <p class='ocr_par' dir='ltr' id='par_1_19' title="bbox 905 1468 935 1498">
     <span class='ocr_line' id='line_1_48' title="bbox 905 1468 935 1498; baseline -0.033 0"><span class='ocrx_word' id='word_1_178' title='bbox 905 1468 935 1498; x_wconf 85' lang='lat'><strong>5.</strong></span> 
     </span>
    </p>
   </div>
   <div class='ocr_carea' id='block_1_20' title="bbox 904 1665 935 1696">
    <p class='ocr_par' dir='ltr' id='par_1_20' title="bbox 904 1665 935 1696">
     <span class='ocr_line' id='line_1_49' title="bbox 904 1665 935 1696; baseline -0.032 0"><span class='ocrx_word' id='word_1_179' title='bbox 904 1665 935 1696; x_wconf 74' lang='lat'><strong>6.</strong></span> 
     </span>
    </p>
   </div>
   <div class='ocr_carea' id='block_1_21' title="bbox 962 1316 1459 1442">
    <p class='ocr_par' dir='ltr' id='par_1_21' title="bbox 962 1316 1459 1442">
     <span class='ocr_line' id='line_1_50' title="bbox 962 1316 1321 1349; baseline -0.003 0"><span class='ocrx_word' id='word_1_180' title='bbox 962 1317 1054 1349; x_wconf 88' lang='lat' dir='ltr'><strong>Alter</strong></span> <span class='ocrx_word' id='word_1_181' title='bbox 1078 1316 1164 1347; x_wconf 90' lang='lat' dir='ltr'><strong>misit</strong></span> <span class='ocrx_word' id='word_1_182' title='bbox 1187 1316 1321 1348; x_wconf 81' lang='lat' dir='ltr'><strong>orarium</strong></span> 
     </span>
     <span class='ocr_line' id='line_1_51' title="bbox 962 1362 1415 1403; baseline -0.002 -8"><span class='ocrx_word' id='word_1_183' title='bbox 962 1364 1110 1403; x_wconf 85' lang='lat' dir='ltr'><strong>Auraque</strong></span> <span class='ocrx_word' id='word_1_184' title='bbox 1134 1362 1238 1395; x_wconf 87' lang='lat' dir='ltr'><strong>ferens</strong></span> <span class='ocrx_word' id='word_1_185' title='bbox 1262 1371 1415 1403; x_wconf 79' lang='lat' dir='ltr'><strong>prospera</strong></span> 
     </span>
     <span class='ocr_line' id='line_1_52' title="bbox 963 1409 1459 1442; baseline 0 -1"><span class='ocrx_word' id='word_1_186' title='bbox 963 1410 1122 1442; x_wconf 80' lang='lat' dir='ltr'><strong>Summum</strong></span> <span class='ocrx_word' id='word_1_187' title='bbox 1146 1409 1233 1441; x_wconf 80' lang='lat' dir='ltr'><strong>vexit</strong></span> <span class='ocrx_word' id='word_1_188' title='bbox 1255 1411 1296 1442; x_wconf 85' lang='lat' dir='ltr'><strong>ad</strong></span> <span class='ocrx_word' id='word_1_189' title='bbox 1321 1410 1459 1441; x_wconf 84' lang='lat' dir='ltr'><strong>aethera.</strong></span> 
     </span>
    </p>
   </div>
   <div class='ocr_carea' id='block_1_22' title="bbox 960 1465 1474 1842">
    <p class='ocr_par' dir='ltr' id='par_1_22' title="bbox 961 1465 1474 1645">
     <span class='ocr_line' id='line_1_53' title="bbox 961 1465 1474 1506; baseline -0.002 -9"><span class='ocrx_word' id='word_1_190' title='bbox 961 1465 1091 1505; x_wconf 87' lang='lat' dir='ltr'><strong>Horum,</strong></span> <span class='ocrx_word' id='word_1_191' title='bbox 1120 1465 1253 1506; x_wconf 75' lang='lat' dir='ltr'><strong>Chr1ste‚</strong></span> <span class='ocrx_word' id='word_1_192' title='bbox 1279 1474 1337 1505; x_wconf 85' lang='lat' dir='ltr'><strong>per</strong></span> <span class='ocrx_word' id='word_1_193' title='bbox 1361 1465 1474 1496; x_wconf 84' lang='lat' dir='ltr'><strong>merita</strong></span> 
     </span>
     <span class='ocr_line' id='line_1_54' title="bbox 962 1512 1341 1544; baseline -0.005 0"><span class='ocrx_word' id='word_1_194' title='bbox 962 1512 1095 1544; x_wconf 87' lang='lat' dir='ltr'><strong>Dimitte</strong></span> <span class='ocrx_word' id='word_1_195' title='bbox 1116 1512 1207 1544; x_wconf 89' lang='lat' dir='ltr'><strong>nobis</strong></span> <span class='ocrx_word' id='word_1_196' title='bbox 1234 1512 1341 1544; x_wconf 85' lang='lat' dir='ltr'><strong>debita</strong></span> 
     </span>
     <span class='ocr_line' id='line_1_55' title="bbox 962 1558 1394 1600; baseline 0 -10"><span class='ocrx_word' id='word_1_197' title='bbox 962 1558 1140 1598; x_wconf 85' lang='lat' dir='ltr'><strong>Conferque</strong></span> <span class='ocrx_word' id='word_1_198' title='bbox 1164 1559 1255 1590; x_wconf 89' lang='lat' dir='ltr'><strong>nobis</strong></span> <span class='ocrx_word' id='word_1_199' title='bbox 1280 1559 1394 1600; x_wconf 82' lang='lat' dir='ltr'><strong>gaudia</strong></span> 
     </span>
     <span class='ocr_line' id='line_1_56' title="bbox 962 1605 1293 1645; baseline 0.006 -8"><span class='ocrx_word' id='word_1_200' title='bbox 962 1605 1107 1638; x_wconf 85' lang='lat' dir='ltr'><strong>Paradisi</strong></span> <span class='ocrx_word' id='word_1_201' title='bbox 1131 1606 1293 1645; x_wconf 89' lang='lat' dir='ltr'><strong>perennia.</strong></span> 
     </span>
    </p>

    <p class='ocr_par' dir='ltr' id='par_1_23' title="bbox 960 1662 1340 1702">
     <span class='ocr_line' id='line_1_57' title="bbox 960 1662 1340 1702; baseline 0.003 -9"><span class='ocrx_word' id='word_1_202' title='bbox 960 1662 1058 1694; x_wconf 76' lang='lat' dir='ltr'><strong>Trino</strong></span> <span class='ocrx_word' id='word_1_203' title='bbox 1083 1662 1126 1692; x_wconf 86' lang='lat' dir='ltr'><strong>sit</strong></span> <span class='ocrx_word' id='word_1_204' title='bbox 1148 1662 1215 1702; x_wconf 80' lang='lat' dir='ltr'><strong>regi</strong></span> <span class='ocrx_word' id='word_1_205' title='bbox 1240 1662 1340 1702; x_wconf 77' lang='lat' dir='ltr'><strong>gloria</strong></span> 
     </span>
    </p>

    <p class='ocr_par' dir='ltr' id='par_1_24' title="bbox 962 1709 1388 1842">
     <span class='ocr_line' id='line_1_58' title="bbox 962 1709 1388 1751; baseline -0.002 -10"><span class='ocrx_word' id='word_1_206' title='bbox 962 1709 1023 1741; x_wconf 87' lang='lat' dir='ltr'><strong>Pro</strong></span> <span class='ocrx_word' id='word_1_207' title='bbox 1047 1712 1220 1748; x_wconf 78' lang='lat' dir='ltr'><strong>martyrum</strong></span> <span class='ocrx_word' id='word_1_208' title='bbox 1247 1709 1388 1751; x_wconf 81' lang='lat' dir='ltr'><strong>victoria,</strong></span> 
     </span>
     <span class='ocr_line' id='line_1_59' title="bbox 964 1755 1386 1795; baseline 0 -9"><span class='ocrx_word' id='word_1_209' title='bbox 964 1755 1023 1794; x_wconf 82' lang='lat' dir='ltr'><strong>Qui</strong></span> <span class='ocrx_word' id='word_1_210' title='bbox 1047 1758 1120 1795; x_wconf 87' lang='lat' dir='ltr'><strong>post</strong></span> <span class='ocrx_word' id='word_1_211' title='bbox 1144 1756 1247 1788; x_wconf 83' lang='lat' dir='ltr'><strong>carnis</strong></span> <span class='ocrx_word' id='word_1_212' title='bbox 1275 1756 1386 1788; x_wconf 82' lang='lat' dir='ltr'><strong>exsilia</strong></span> 
     </span>
     <span class='ocr_line' id='line_1_60' title="bbox 963 1802 1382 1842; baseline 0 -7"><span class='ocrx_word' id='word_1_213' title='bbox 963 1802 1063 1835; x_wconf 82' lang='lat' dir='ltr'><strong>Beata</strong></span> <span class='ocrx_word' id='word_1_214' title='bbox 1088 1802 1209 1834; x_wconf 81' lang='lat' dir='ltr'><strong>confert</strong></span> <span class='ocrx_word' id='word_1_215' title='bbox 1232 1803 1382 1842; x_wconf 85' lang='lat' dir='ltr'><strong>praemia.</strong></span> 
     </span>
    </p>
   </div>
   <div class='ocr_carea' id='block_1_23' title="bbox 233 1864 1523 1940">
    <p class='ocr_par' dir='ltr' id='par_1_25' title="bbox 233 1864 1523 1940">
     <span class='ocr_line' id='line_1_61' title="bbox 306 1864 1521 1903; baseline -0.002 -8"><span class='ocrx_word' id='word_1_216' title='bbox 306 1869 389 1895; x_wconf 85' lang='lat' dir='ltr'><strong>Brev.</strong></span> <span class='ocrx_word' id='word_1_217' title='bbox 417 1876 469 1896; x_wconf 90' lang='lat' dir='ltr'><strong>ms.</strong></span> <span class='ocrx_word' id='word_1_218' title='bbox 494 1867 743 1903; x_wconf 84' lang='lat' dir='ltr'><strong>Calagurritanum</strong></span> <span class='ocrx_word' id='word_1_219' title='bbox 763 1876 836 1895; x_wconf 67' lang='lat' dir='ltr'><strong>saec.</strong></span> <span class='ocrx_word' id='word_1_220' title='bbox 860 1864 902 1894; x_wconf 84' lang='lat'><strong>15.</strong></span> <span class='ocrx_word' id='word_1_221' title='bbox 929 1867 996 1895; x_wconf 72' lang='lat' dir='ltr'><strong>Coti.</strong></span> <span class='ocrx_word' id='word_1_222' title='bbox 1017 1867 1222 1895; x_wconf 81' lang='lat' dir='ltr'><strong>Salmanticen.</strong></span> <span class='ocrx_word' id='word_1_223' title='bbox 1245 1865 1306 1895; x_wconf 80' lang='lat'><strong>186.</strong></span> <span class='ocrx_word' id='word_1_224' title='bbox 1325 1867 1360 1894; x_wconf 91' lang='lat' dir='ltr'><strong>A.</strong></span> <span class='ocrx_word' id='word_1_225' title='bbox 1379 1881 1417 1886; x_wconf 81' lang='lat'><em>-</em></span> <span class='ocrx_word' id='word_1_226' title='bbox 1437 1868 1521 1894; x_wconf 86' lang='lat' dir='ltr'><strong>Brev.</strong></span> 
     </span>
     <span class='ocr_line' id='line_1_62' title="bbox 233 1903 1523 1940; baseline -0.001 -8"><span class='ocrx_word' id='word_1_227' title='bbox 233 1914 286 1933; x_wconf 90' lang='lat' dir='ltr'><strong>ms.</strong></span> <span class='ocrx_word' id='word_1_228' title='bbox 299 1907 459 1934; x_wconf 75' lang='lat' dir='ltr'><strong>Oxomense</strong></span> <span class='ocrx_word' id='word_1_229' title='bbox 478 1913 552 1933; x_wconf 85' lang='lat' dir='ltr'><strong>saec.</strong></span> <span class='ocrx_word' id='word_1_230' title='bbox 576 1903 618 1932; x_wconf 85' lang='lat'><strong>15.</strong></span> <span class='ocrx_word' id='word_1_231' title='bbox 634 1904 701 1932; x_wconf 81' lang='lat' dir='ltr'><strong>cod.</strong></span> <span class='ocrx_word' id='word_1_232' title='bbox 714 1905 807 1939; x_wconf 87' lang='lat' dir='ltr'><strong>Capit.</strong></span> <span class='ocrx_word' id='word_1_233' title='bbox 822 1906 958 1933; x_wconf 79' lang='lat' dir='ltr'><strong>Oxomen.</strong></span> <span class='ocrx_word' id='word_1_234' title='bbox 980 1913 1002 1931; x_wconf 90' lang='lat' dir='ltr'><strong>s.</strong></span> <span class='ocrx_word' id='word_1_235' title='bbox 1022 1914 1050 1931; x_wconf 92' lang='lat' dir='ltr'><strong>n.</strong></span> <span class='ocrx_word' id='word_1_236' title='bbox 1067 1905 1100 1932; x_wconf 88' lang='lat' dir='ltr'><strong>B.</strong></span> <span class='ocrx_word' id='word_1_237' title='bbox 1120 1919 1158 1923; x_wconf 91' lang='lat'><strong>—</strong></span> <span class='ocrx_word' id='word_1_238' title='bbox 1172 1907 1256 1932; x_wconf 75' lang='lat' dir='ltr'><strong>brev.</strong></span> <span class='ocrx_word' id='word_1_239' title='bbox 1272 1904 1523 1940; x_wconf 73' lang='lat' dir='ltr'><strong>Calagurritanum</strong></span> 
     </span>
    </p>
   </div>
   <div class='ocr_carea' id='block_1_24' title="bbox 235 1940 862 1979">
    <p class='ocr_par' dir='ltr' id='par_1_26' title="bbox 235 1940 862 1979">
     <span class='ocr_line' id='line_1_63' title="bbox 235 1940 862 1979; baseline -0.002 -10"><span class='ocrx_word' id='word_1_240' title='bbox 235 1945 263 1969; x_wconf 86' lang='lat' dir='ltr'><strong>et</strong></span> <span class='ocrx_word' id='word_1_241' title='bbox 283 1943 464 1971; x_wconf 67' lang='lat' dir='ltr'><strong>Caleiatense</strong></span> <span class='ocrx_word' id='word_1_242' title='bbox 483 1944 551 1979; x_wconf 88' lang='lat' dir='ltr'><strong>imp.</strong></span> <span class='ocrx_word' id='word_1_243' title='bbox 572 1943 710 1970; x_wconf 66' lang='lat' dir='ltr'><strong>Luci-onii</strong></span> <span class='ocrx_word' id='word_1_244' title='bbox 732 1940 811 1970; x_wconf 84' lang='lat'><strong>1543.</strong></span> <span class='ocrx_word' id='word_1_245' title='bbox 833 1942 862 1969; x_wconf 88' lang='lat' dir='ltr'><strong>C.</strong></span> 
     </span>
    </p>
   </div>
   <div class='ocr_carea' id='block_1_25' title="bbox 571 2059 1181 2157">
    <p class='ocr_par' dir='ltr' id='par_1_27' title="bbox 571 2059 1181 2157">
     <span class='ocr_line' id='line_1_64' title="bbox 571 2059 1181 2093; baseline -0.003 -1"><span class='ocrx_word' id='word_1_246' title='bbox 571 2061 630 2092; x_wconf 83' lang='lat'><strong>173.</strong></span> <span class='ocrx_word' id='word_1_247' title='bbox 664 2061 706 2092; x_wconf 90' lang='lat' dir='ltr'><strong>De</strong></span> <span class='ocrx_word' id='word_1_248' title='bbox 729 2070 767 2093; x_wconf 86' lang='lat' dir='ltr'><strong>ss.</strong></span> <span class='ocrx_word' id='word_1_249' title='bbox 787 2060 942 2092; x_wconf 84' lang='lat' dir='ltr'><strong>Emeterio</strong></span> <span class='ocrx_word' id='word_1_250' title='bbox 964 2060 996 2092; x_wconf 82' lang='lat' dir='ltr'><strong>et</strong></span> <span class='ocrx_word' id='word_1_251' title='bbox 1013 2059 1181 2091; x_wconf 80' lang='lat' dir='ltr'><strong>Geletlonio.</strong></span> 
     </span>
     <span class='ocr_line' id='line_1_65' title="bbox 783 2127 974 2157; baseline -0.01 0"><span class='ocrx_word' id='word_1_252' title='bbox 783 2128 831 2157; x_wconf 89' lang='lat' dir='ltr'><strong>Ad</strong></span> <span class='ocrx_word' id='word_1_253' title='bbox 849 2127 974 2157; x_wconf 84' lang='lat' dir='ltr'><strong>Laudes.</strong></span> 
     </span>
    </p>
   </div>
   <div class='ocr_carea' id='block_1_26' title="bbox 238 2196 688 2236">
    <p class='ocr_par' dir='ltr' id='par_1_28' title="bbox 238 2196 688 2236">
     <span class='ocr_line' id='line_1_66' title="bbox 238 2196 688 2236; baseline -0.002 -8"><span class='ocrx_word' id='word_1_254' title='bbox 238 2196 266 2228; x_wconf 88' lang='lat'><strong>1.</strong></span> <span class='ocrx_word' id='word_1_255' title='bbox 295 2196 473 2236; x_wconf 79' lang='lat' dir='ltr'><strong>Calagurra,</strong></span> <span class='ocrx_word' id='word_1_256' title='bbox 497 2197 688 2236; x_wconf 80' lang='lat' dir='ltr'><strong>martyribus</strong></span> 
     </span>
    </p>
   </div>
   <div class='ocr_carea' id='block_1_27' title="bbox 292 2243 803 2282">
    <p class='ocr_par' dir='ltr' id='par_1_29' title="bbox 292 2243 803 2282">
     <span class='ocr_line' id='line_1_67' title="bbox 292 2243 803 2282; baseline 0 -7"><span class='ocrx_word' id='word_1_257' title='bbox 292 2243 407 2282; x_wconf 85' lang='lat' dir='ltr'><strong>Fulges</strong></span> <span class='ocrx_word' id='word_1_258' title='bbox 430 2252 507 2282; x_wconf 84' lang='lat' dir='ltr'><strong>prae</strong></span> <span class='ocrx_word' id='word_1_259' title='bbox 532 2245 649 2275; x_wconf 84' lang='lat' dir='ltr'><strong>cunctis</strong></span> <span class='ocrx_word' id='word_1_260' title='bbox 673 2243 803 2276; x_wconf 88' lang='lat' dir='ltr'><strong>urbibus</strong></span> 
     </span>
    </p>
   </div>
   <div class='ocr_carea' id='block_1_28' title="bbox 294 2289 695 2371">
    <p class='ocr_par' dir='ltr' id='par_1_30' title="bbox 294 2289 695 2371">
     <span class='ocr_line' id='line_1_68' title="bbox 294 2289 681 2329; baseline 0.005 -9"><span class='ocrx_word' id='word_1_261' title='bbox 294 2289 433 2329; x_wconf 65' lang='lat' dir='ltr'><strong>Duobus,</strong></span> <span class='ocrx_word' id='word_1_262' title='bbox 461 2291 681 2323; x_wconf 83' lang='lat' dir='ltr'><strong>exsistentibus</strong></span> 
     </span>
     <span class='ocr_line' id='line_1_69' title="bbox 294 2335 695 2371; baseline 0.007 -3"><span class='ocrx_word' id='word_1_263' title='bbox 294 2335 453 2368; x_wconf 74' lang='lat' dir='ltr'><strong>Militibus</strong></span> <span class='ocrx_word' id='word_1_264' title='bbox 479 2340 510 2368; x_wconf 83' lang='lat' dir='ltr'><strong>et</strong></span> <span class='ocrx_word' id='word_1_265' title='bbox 534 2335 695 2371; x_wconf 76' lang='lat' dir='ltr'><strong>fratribus</strong></span> 
     </span>
    </p>
   </div>
   <div class='ocr_carea' id='block_1_29' title="bbox 904 2197 936 2228">
    <p class='ocr_par' dir='ltr' id='par_1_31' title="bbox 904 2197 936 2228">
     <span class='ocr_line' id='line_1_70' title="bbox 904 2197 936 2228; baseline 0 0"><span class='ocrx_word' id='word_1_266' title='bbox 904 2197 936 2228; x_wconf 83' lang='lat'><strong>2.</strong></span> 
     </span>
    </p>
   </div>
   <div class='ocr_carea' id='block_1_30' title="bbox 960 2194 1411 2376">
    <p class='ocr_par' dir='ltr' id='par_1_32' title="bbox 960 2194 1322 2228">
     <span class='ocr_line' id='line_1_71' title="bbox 960 2194 1322 2228; baseline -0.008 0"><span class='ocrx_word' id='word_1_267' title='bbox 960 2194 1049 2228; x_wconf 87' lang='lat' dir='ltr'><strong>Unus</strong></span> <span class='ocrx_word' id='word_1_268' title='bbox 1075 2197 1122 2226; x_wconf 79' lang='lat' dir='ltr'><strong>est</strong></span> <span class='ocrx_word' id='word_1_269' title='bbox 1145 2195 1322 2226; x_wconf 89' lang='lat' dir='ltr'><strong>Emeterius</strong></span> 
     </span>
    </p>

    <p class='ocr_par' dir='ltr' id='par_1_33' title="bbox 961 2241 1411 2376">
     <span class='ocr_line' id='line_1_72' title="bbox 961 2241 1330 2282; baseline -0.005 -8"><span class='ocrx_word' id='word_1_270' title='bbox 961 2241 1005 2274; x_wconf 88' lang='lat' dir='ltr'><strong>Et</strong></span> <span class='ocrx_word' id='word_1_271' title='bbox 1029 2242 1109 2273; x_wconf 86' lang='lat' dir='ltr'><strong>alter</strong></span> <span class='ocrx_word' id='word_1_272' title='bbox 1134 2241 1330 2282; x_wconf 84' lang='lat' dir='ltr'><strong>Celedonius,</strong></span> 
     </span>
     <span class='ocr_line' id='line_1_73' title="bbox 963 2288 1411 2328; baseline 0 -8"><span class='ocrx_word' id='word_1_273' title='bbox 963 2288 1021 2326; x_wconf 76' lang='lat' dir='ltr'><strong>Qui</strong></span> <span class='ocrx_word' id='word_1_274' title='bbox 1045 2290 1176 2320; x_wconf 88' lang='lat' dir='ltr'><strong>mortem</strong></span> <span class='ocrx_word' id='word_1_275' title='bbox 1202 2290 1234 2319; x_wconf 89' lang='lat' dir='ltr'><strong>et</strong></span> <span class='ocrx_word' id='word_1_276' title='bbox 1256 2289 1411 2328; x_wconf 82' lang='lat' dir='ltr'><strong>martyria</strong></span> 
     </span>
     <span class='ocr_line' id='line_1_74' title="bbox 965 2334 1372 2376; baseline 0.002 -10"><span class='ocrx_word' id='word_1_277' title='bbox 965 2335 1055 2368; x_wconf 80' lang='lat' dir='ltr'><strong>Passi</strong></span> <span class='ocrx_word' id='word_1_278' title='bbox 1080 2338 1153 2367; x_wconf 87' lang='lat' dir='ltr'><strong>sunt</strong></span> <span class='ocrx_word' id='word_1_279' title='bbox 1176 2334 1372 2376; x_wconf 76' lang='lat' dir='ltr'><strong>multiplicia.</strong></span> 
     </span>
    </p>
   </div>
  </div>
 </body>
</html>
