<?xml version="1.0" encoding="UTF-8"?>
<!DOCTYPE html PUBLIC "-//W3C//DTD XHTML 1.0 Transitional//EN"
    "http://www.w3.org/TR/xhtml1/DTD/xhtml1-transitional.dtd">
<html xmlns="http://www.w3.org/1999/xhtml" xml:lang="en" lang="en">
 <head>
  <title>
</title>
<meta http-equiv="Content-Type" content="text/html;charset=utf-8" />
  <meta name='ocr-system' content='tesseract 3.04.00' />
  <meta name='ocr-capabilities' content='ocr_page ocr_carea ocr_par ocr_line ocrx_word'/>
</head>
<body>
  <div class='ocr_page' id='page_1' title='image "./analectahymnica16drevuoft_00281.png"; bbox 0 0 1651 2518; ppageno 0'>
   <div class='ocr_carea' id='block_1_1' title="bbox 778 142 1034 176">
    <p class='ocr_par' dir='ltr' id='par_1_1' title="bbox 778 142 1034 176">
     <span class='ocr_line' id='line_1_1' title="bbox 778 142 1034 176; baseline 0 0"><span class='ocrx_word' id='word_1_1' title='bbox 778 142 1034 176; x_wconf 78' lang='lat'>—278—</span> 
     </span>
    </p>
   </div>
   <div class='ocr_carea' id='block_1_2' title="bbox 271 234 1483 419">
    <p class='ocr_par' dir='ltr' id='par_1_2' title="bbox 271 234 1483 419">
     <span class='ocr_line' id='line_1_2' title="bbox 271 234 1372 283; baseline 0.005 -17"><span class='ocrx_word' id='word_1_2' title='bbox 271 235 302 267; x_wconf 87' lang='lat'>3.</span> <span class='ocrx_word' id='word_1_3' title='bbox 328 234 490 267; x_wconf 82' lang='lat' dir='ltr'><strong>Volusiani</strong></span> <span class='ocrx_word' id='word_1_4' title='bbox 513 236 680 276; x_wconf 87' lang='lat' dir='ltr'>praesidis,</span> <span class='ocrx_word' id='word_1_5' title='bbox 943 238 975 269; x_wconf 82' lang='lat'>4.</span> <span class='ocrx_word' id='word_1_6' title='bbox 1001 236 1068 268; x_wconf 89' lang='lat' dir='ltr'>Deo</span> <span class='ocrx_word' id='word_1_7' title='bbox 1092 239 1178 276; x_wconf 77' lang='lat' dir='ltr'>patri</span> <span class='ocrx_word' id='word_1_8' title='bbox 1201 240 1244 271; x_wconf 86' lang='lat' dir='ltr'>sit</span> <span class='ocrx_word' id='word_1_9' title='bbox 1264 240 1372 283; x_wconf 62' lang='lat' dir='ltr'>gloria„</span> 
     </span>
     <span class='ocr_line' id='line_1_3' title="bbox 327 281 1483 323; baseline 0.005 -10"><span class='ocrx_word' id='word_1_10' title='bbox 327 281 423 321; x_wconf 85' lang='lat' dir='ltr'>Cujus</span> <span class='ocrx_word' id='word_1_11' title='bbox 445 282 515 314; x_wconf 82' lang='lat' dir='ltr'>laus</span> <span class='ocrx_word' id='word_1_12' title='bbox 541 286 589 314; x_wconf 86' lang='lat' dir='ltr'>est</span> <span class='ocrx_word' id='word_1_13' title='bbox 609 283 644 314; x_wconf 88' lang='lat' dir='ltr'>in</span> <span class='ocrx_word' id='word_1_14' title='bbox 666 283 794 323; x_wconf 87' lang='lat' dir='ltr'>populis</span> <span class='ocrx_word' id='word_1_15' title='bbox 999 282 1084 315; x_wconf 88' lang='lat' dir='ltr'>Laus</span> <span class='ocrx_word' id='word_1_16' title='bbox 1110 284 1233 318; x_wconf 83' lang='lat' dir='ltr'>Christo</span> <span class='ocrx_word' id='word_1_17' title='bbox 1259 295 1327 318; x_wconf 89' lang='lat' dir='ltr'>cum</span> <span class='ocrx_word' id='word_1_18' title='bbox 1350 288 1483 319; x_wconf 82' lang='lat' dir='ltr'>victoria</span> 
     </span>
     <span class='ocr_line' id='line_1_4' title="bbox 326 329 1439 373; baseline 0.004 -13"><span class='ocrx_word' id='word_1_19' title='bbox 326 329 371 360; x_wconf 87' lang='lat' dir='ltr'>Et</span> <span class='ocrx_word' id='word_1_20' title='bbox 393 330 426 361; x_wconf 90' lang='lat' dir='ltr'>in</span> <span class='ocrx_word' id='word_1_21' title='bbox 451 330 579 361; x_wconf 88' lang='lat' dir='ltr'>coelesti</span> <span class='ocrx_word' id='word_1_22' title='bbox 601 331 681 362; x_wconf 92' lang='lat' dir='ltr'>solio</span> <span class='ocrx_word' id='word_1_23' title='bbox 1000 329 1073 362; x_wconf 90' lang='lat' dir='ltr'>Una</span> <span class='ocrx_word' id='word_1_24' title='bbox 1093 339 1160 362; x_wconf 89' lang='lat' dir='ltr'>cum</span> <span class='ocrx_word' id='word_1_25' title='bbox 1185 335 1292 366; x_wconf 82' lang='lat' dir='ltr'>sancto</span> <span class='ocrx_word' id='word_1_26' title='bbox 1316 333 1439 373; x_wconf 84' lang='lat' dir='ltr'>spiritu,</span> 
     </span>
     <span class='ocr_line' id='line_1_5' title="bbox 326 375 1474 419; baseline 0.003 -11"><span class='ocrx_word' id='word_1_27' title='bbox 326 375 422 409; x_wconf 80' lang='lat' dir='ltr'>Sacro</span> <span class='ocrx_word' id='word_1_28' title='bbox 447 375 547 416; x_wconf 83' lang='lat' dir='ltr'>fulget</span> <span class='ocrx_word' id='word_1_29' title='bbox 570 377 732 417; x_wconf 86' lang='lat' dir='ltr'>martyrio.</span> <span class='ocrx_word' id='word_1_30' title='bbox 999 377 1058 416; x_wconf 80' lang='lat' dir='ltr'>Qui</span> <span class='ocrx_word' id='word_1_31' title='bbox 1081 386 1138 409; x_wconf 89' lang='lat' dir='ltr'>nos</span> <span class='ocrx_word' id='word_1_32' title='bbox 1163 382 1326 411; x_wconf 86' lang='lat' dir='ltr'>conservat</span> <span class='ocrx_word' id='word_1_33' title='bbox 1349 380 1474 419; x_wconf 75' lang='lat' dir='ltr'>gemitu.</span> 
     </span>
    </p>
   </div>
   <div class='ocr_carea' id='block_1_3' title="bbox 340 439 1410 478">
    <p class='ocr_par' dir='ltr' id='par_1_3' title="bbox 340 439 1410 478">
     <span class='ocr_line' id='line_1_6' title="bbox 340 439 1410 478; baseline 0 -9"><span class='ocrx_word' id='word_1_34' title='bbox 340 442 423 470; x_wconf 87' lang='lat' dir='ltr'>Brev.</span> <span class='ocrx_word' id='word_1_35' title='bbox 443 442 659 470; x_wconf 75' lang='lat' dir='ltr'><strong>Tarraconense</strong></span> <span class='ocrx_word' id='word_1_36' title='bbox 678 444 746 478; x_wconf 89' lang='lat' dir='ltr'>imp.</span> <span class='ocrx_word' id='word_1_37' title='bbox 767 443 948 470; x_wconf 83' lang='lat' dir='ltr'>Barcinonae</span> <span class='ocrx_word' id='word_1_38' title='bbox 970 439 1052 469; x_wconf 85' lang='lat'>1484.</span> <span class='ocrx_word' id='word_1_39' title='bbox 1072 457 1108 461; x_wconf 97' lang='lat'><strong>—</strong></span> <span class='ocrx_word' id='word_1_40' title='bbox 1128 440 1154 476; x_wconf 83' lang='lat'>3,</span> <span class='ocrx_word' id='word_1_41' title='bbox 1174 441 1194 470; x_wconf 89' lang='lat'>4</span> <span class='ocrx_word' id='word_1_42' title='bbox 1212 445 1243 471; x_wconf 88' lang='lat' dir='ltr'>in</span> <span class='ocrx_word' id='word_1_43' title='bbox 1262 444 1410 477; x_wconf 81' lang='lat' dir='ltr'>martyrio.</span> 
     </span>
    </p>
   </div>
   <div class='ocr_carea' id='block_1_4' title="bbox 670 580 1152 613">
    <p class='ocr_par' dir='ltr' id='par_1_4' title="bbox 670 580 1152 613">
     <span class='ocr_line' id='line_1_7' title="bbox 670 580 1152 613; baseline 0 -1"><span class='ocrx_word' id='word_1_44' title='bbox 670 581 736 612; x_wconf 83' lang='lat'>487.</span> <span class='ocrx_word' id='word_1_45' title='bbox 775 580 817 612; x_wconf 87' lang='lat' dir='ltr'>De</span> <span class='ocrx_word' id='word_1_46' title='bbox 837 589 876 612; x_wconf 89' lang='lat' dir='ltr'>ss.</span> <span class='ocrx_word' id='word_1_47' title='bbox 895 581 972 613; x_wconf 77' lang='lat' dir='ltr'>Veto</span> <span class='ocrx_word' id='word_1_48' title='bbox 993 582 1025 612; x_wconf 83' lang='lat' dir='ltr'>et</span> <span class='ocrx_word' id='word_1_49' title='bbox 1043 580 1152 612; x_wconf 83' lang='lat' dir='ltr'>Felice.</span> 
     </span>
    </p>
   </div>
   <div class='ocr_carea' id='block_1_5' title="bbox 537 660 1243 840">
    <p class='ocr_par' dir='ltr' id='par_1_5' title="bbox 537 660 1243 797">
     <span class='ocr_line' id='line_1_8' title="bbox 537 660 1198 703; baseline 0 -11"><span class='ocrx_word' id='word_1_50' title='bbox 537 660 568 692; x_wconf 87' lang='lat'>1.</span> <span class='ocrx_word' id='word_1_51' title='bbox 594 661 619 693; x_wconf 94' lang='grc' dir='ltr'><strong>Ο</strong></span> <span class='ocrx_word' id='word_1_52' title='bbox 643 661 724 692; x_wconf 86' lang='lat' dir='ltr'>Vote</span> <span class='ocrx_word' id='word_1_53' title='bbox 749 664 780 690; x_wconf 89' lang='lat' dir='ltr'>et</span> <span class='ocrx_word' id='word_1_54' title='bbox 803 660 907 700; x_wconf 84' lang='lat' dir='ltr'>Felix,</span> <span class='ocrx_word' id='word_1_55' title='bbox 934 660 1038 692; x_wconf 88' lang='lat' dir='ltr'>meriti</span> <span class='ocrx_word' id='word_1_56' title='bbox 1062 661 1198 703; x_wconf 86' lang='lat' dir='ltr'>patroni,</span> 
     </span>
     <span class='ocr_line' id='line_1_9' title="bbox 591 707 1243 747; baseline -0.003 -7"><span class='ocrx_word' id='word_1_57' title='bbox 591 707 638 740; x_wconf 86' lang='lat' dir='ltr'>Ut</span> <span class='ocrx_word' id='word_1_58' title='bbox 659 708 752 747; x_wconf 80' lang='lat' dir='ltr'>queat</span> <span class='ocrx_word' id='word_1_59' title='bbox 777 709 916 738; x_wconf 88' lang='lat' dir='ltr'>nostrum</span> <span class='ocrx_word' id='word_1_60' title='bbox 942 716 1090 739; x_wconf 86' lang='lat' dir='ltr'>resonare</span> <span class='ocrx_word' id='word_1_61' title='bbox 1113 708 1243 747; x_wconf 86' lang='lat' dir='ltr'>quisque</span> 
     </span>
     <span class='ocr_line' id='line_1_10' title="bbox 593 754 1235 797; baseline 0 -11"><span class='ocrx_word' id='word_1_62' title='bbox 593 754 691 786; x_wconf 84' lang='lat' dir='ltr'>Gesta</span> <span class='ocrx_word' id='word_1_63' title='bbox 714 756 881 793; x_wconf 86' lang='lat' dir='ltr'>tantorum,</span> <span class='ocrx_word' id='word_1_64' title='bbox 909 754 990 797; x_wconf 86' lang='lat' dir='ltr'>date,</span> <span class='ocrx_word' id='word_1_65' title='bbox 1017 754 1235 786; x_wconf 86' lang='lat' dir='ltr'>monachorum</span> 
     </span>
    </p>

    <p class='ocr_par' dir='ltr' id='par_1_6' title="bbox 636 801 966 840">
     <span class='ocr_line' id='line_1_11' title="bbox 636 801 966 840; baseline 0.009 -9"><span class='ocrx_word' id='word_1_66' title='bbox 636 801 825 840; x_wconf 78' lang='lat' dir='ltr'>Quaesumus</span> <span class='ocrx_word' id='word_1_67' title='bbox 849 810 966 835; x_wconf 72' lang='lat' dir='ltr'>omnes„</span> 
     </span>
    </p>
   </div>
   <div class='ocr_carea' id='block_1_6' title="bbox 534 885 1260 1064">
    <p class='ocr_par' dir='ltr' id='par_1_7' title="bbox 534 885 1260 1064">
     <span class='ocr_line' id='line_1_12' title="bbox 534 885 1260 925; baseline 0 -8"><span class='ocrx_word' id='word_1_68' title='bbox 534 886 564 917; x_wconf 87' lang='lat'>2.</span> <span class='ocrx_word' id='word_1_69' title='bbox 590 886 760 925; x_wconf 88' lang='lat' dir='ltr'>Insequens</span> <span class='ocrx_word' id='word_1_70' title='bbox 786 893 910 916; x_wconf 89' lang='lat' dir='ltr'>cervum</span> <span class='ocrx_word' id='word_1_71' title='bbox 936 886 1033 918; x_wconf 87' lang='lat' dir='ltr'>Votus</span> <span class='ocrx_word' id='word_1_72' title='bbox 1056 885 1089 915; x_wconf 93' lang='lat' dir='ltr'>in</span> <span class='ocrx_word' id='word_1_73' title='bbox 1114 893 1260 924; x_wconf 85' lang='lat' dir='ltr'>suprema</span> 
     </span>
     <span class='ocr_line' id='line_1_13' title="bbox 588 931 1149 972; baseline 0 -9"><span class='ocrx_word' id='word_1_74' title='bbox 588 932 689 971; x_wconf 85' lang='lat' dir='ltr'>Rupis</span> <span class='ocrx_word' id='word_1_75' title='bbox 714 932 842 964; x_wconf 84' lang='lat' dir='ltr'>advenit</span> <span class='ocrx_word' id='word_1_76' title='bbox 863 937 940 972; x_wconf 81' lang='lat' dir='ltr'>juga</span> <span class='ocrx_word' id='word_1_77' title='bbox 965 931 1149 970; x_wconf 88' lang='lat' dir='ltr'>devolando‚</span> 
     </span>
     <span class='ocr_line' id='line_1_14' title="bbox 591 978 1247 1021; baseline 0.002 -12"><span class='ocrx_word' id='word_1_78' title='bbox 591 979 655 1018; x_wconf 79' lang='lat' dir='ltr'>Quo</span> <span class='ocrx_word' id='word_1_79' title='bbox 682 978 768 1010; x_wconf 77' lang='lat' dir='ltr'>cadit</span> <span class='ocrx_word' id='word_1_80' title='bbox 792 987 902 1009; x_wconf 90' lang='lat' dir='ltr'>cervus</span> <span class='ocrx_word' id='word_1_81' title='bbox 923 978 1014 1010; x_wconf 89' lang='lat' dir='ltr'>nimis</span> <span class='ocrx_word' id='word_1_82' title='bbox 1038 978 1114 1010; x_wconf 87' lang='lat' dir='ltr'>inde</span> <span class='ocrx_word' id='word_1_83' title='bbox 1136 978 1247 1021; x_wconf 88' lang='lat' dir='ltr'>lassus,</span> 
     </span>
     <span class='ocr_line' id='line_1_15' title="bbox 635 1025 944 1064; baseline 0 -7"><span class='ocrx_word' id='word_1_84' title='bbox 635 1025 783 1064; x_wconf 83' lang='lat' dir='ltr'>Undique</span> <span class='ocrx_word' id='word_1_85' title='bbox 806 1033 944 1064; x_wconf 89' lang='lat' dir='ltr'>pressus.</span> 
     </span>
    </p>
   </div>
   <div class='ocr_carea' id='block_1_7' title="bbox 534 1109 1249 1280">
    <p class='ocr_par' dir='ltr' id='par_1_8' title="bbox 534 1109 1249 1244">
     <span class='ocr_line' id='line_1_16' title="bbox 534 1109 1148 1151; baseline -0.005 -9"><span class='ocrx_word' id='word_1_86' title='bbox 534 1111 563 1142; x_wconf 86' lang='lat'>3.</span> <span class='ocrx_word' id='word_1_87' title='bbox 589 1109 711 1141; x_wconf 82' lang='lat' dir='ltr'>Inscius</span> <span class='ocrx_word' id='word_1_88' title='bbox 737 1116 825 1139; x_wconf 86' lang='lat' dir='ltr'>casus</span> <span class='ocrx_word' id='word_1_89' title='bbox 850 1116 943 1147; x_wconf 82' lang='lat' dir='ltr'>eques</span> <span class='ocrx_word' id='word_1_90' title='bbox 967 1109 1036 1148; x_wconf 87' lang='lat' dir='ltr'>ipse</span> <span class='ocrx_word' id='word_1_91' title='bbox 1059 1109 1148 1151; x_wconf 76' lang='lat' dir='ltr'>tanti,</span> 
     </span>
     <span class='ocr_line' id='line_1_17' title="bbox 588 1155 1249 1195; baseline -0.002 -8"><span class='ocrx_word' id='word_1_92' title='bbox 588 1156 665 1187; x_wconf 84' lang='lat' dir='ltr'>Mox</span> <span class='ocrx_word' id='word_1_93' title='bbox 690 1155 760 1195; x_wconf 84' lang='lat' dir='ltr'>equi</span> <span class='ocrx_word' id='word_1_94' title='bbox 781 1155 895 1193; x_wconf 89' lang='lat' dir='ltr'>pinnae</span> <span class='ocrx_word' id='word_1_95' title='bbox 918 1155 1015 1194; x_wconf 89' lang='lat' dir='ltr'>pedes</span> <span class='ocrx_word' id='word_1_96' title='bbox 1040 1155 1249 1195; x_wconf 78' lang='lat' dir='ltr'>applicantur,</span> 
     </span>
     <span class='ocr_line' id='line_1_18' title="bbox 590 1201 1238 1244; baseline 0 -10"><span class='ocrx_word' id='word_1_97' title='bbox 590 1202 665 1234; x_wconf 87' lang='lat' dir='ltr'>Cum</span> <span class='ocrx_word' id='word_1_98' title='bbox 692 1210 785 1233; x_wconf 87' lang='lat' dir='ltr'>ruens</span> <span class='ocrx_word' id='word_1_99' title='bbox 812 1201 941 1233; x_wconf 84' lang='lat' dir='ltr'>clamat:</span> <span class='ocrx_word' id='word_1_100' title='bbox 967 1201 1044 1232; x_wconf 88' lang='lat' dir='ltr'>mihi</span> <span class='ocrx_word' id='word_1_101' title='bbox 1068 1204 1103 1232; x_wconf 84' lang='lat' dir='ltr'>tu</span> <span class='ocrx_word' id='word_1_102' title='bbox 1125 1201 1238 1244; x_wconf 85' lang='lat' dir='ltr'>faveto,</span> 
     </span>
    </p>

    <p class='ocr_par' dir='ltr' id='par_1_9' title="bbox 636 1248 941 1280">
     <span class='ocr_line' id='line_1_19' title="bbox 636 1248 941 1280; baseline 0 0"><span class='ocrx_word' id='word_1_103' title='bbox 636 1249 750 1280; x_wconf 81' lang='lat' dir='ltr'>Sancte</span> <span class='ocrx_word' id='word_1_104' title='bbox 773 1248 941 1280; x_wconf 85' lang='lat' dir='ltr'>Johannes.</span> 
     </span>
    </p>
   </div>
   <div class='ocr_carea' id='block_1_8' title="bbox 529 1331 1262 1510">
    <p class='ocr_par' dir='ltr' id='par_1_10' title="bbox 529 1331 1262 1510">
     <span class='ocr_line' id='line_1_20' title="bbox 529 1331 1193 1371; baseline 0 -7"><span class='ocrx_word' id='word_1_105' title='bbox 529 1334 560 1364; x_wconf 89' lang='lat'>4.</span> <span class='ocrx_word' id='word_1_106' title='bbox 586 1332 670 1363; x_wconf 89' lang='lat' dir='ltr'>Hinc</span> <span class='ocrx_word' id='word_1_107' title='bbox 693 1331 882 1363; x_wconf 84' lang='lat' dir='ltr'>reviviscens</span> <span class='ocrx_word' id='word_1_108' title='bbox 904 1331 1051 1371; x_wconf 85' lang='lat' dir='ltr'>vepribus</span> <span class='ocrx_word' id='word_1_109' title='bbox 1075 1333 1193 1371; x_wconf 86' lang='lat' dir='ltr'>putatis</span> 
     </span>
     <span class='ocr_line' id='line_1_21' title="bbox 589 1378 1192 1410; baseline -0.002 0"><span class='ocrx_word' id='word_1_110' title='bbox 589 1378 714 1410; x_wconf 79' lang='lat' dir='ltr'>Gratias</span> <span class='ocrx_word' id='word_1_111' title='bbox 739 1378 875 1409; x_wconf 89' lang='lat' dir='ltr'>reddens</span> <span class='ocrx_word' id='word_1_112' title='bbox 898 1378 1032 1410; x_wconf 86' lang='lat' dir='ltr'>Domino</span> <span class='ocrx_word' id='word_1_113' title='bbox 1056 1379 1192 1410; x_wconf 84' lang='lat' dir='ltr'>tetendit</span> 
     </span>
     <span class='ocr_line' id='line_1_22' title="bbox 586 1424 1262 1467; baseline 0.001 -11"><span class='ocrx_word' id='word_1_114' title='bbox 586 1425 624 1456; x_wconf 91' lang='lat' dir='ltr'>In</span> <span class='ocrx_word' id='word_1_115' title='bbox 648 1433 782 1467; x_wconf 84' lang='lat' dir='ltr'>specum,</span> <span class='ocrx_word' id='word_1_116' title='bbox 810 1434 869 1464; x_wconf 87' lang='lat' dir='ltr'>quo</span> <span class='ocrx_word' id='word_1_117' title='bbox 894 1424 985 1456; x_wconf 87' lang='lat' dir='ltr'>funus</span> <span class='ocrx_word' id='word_1_118' title='bbox 1010 1427 1079 1456; x_wconf 82' lang='lat' dir='ltr'>erat</span> <span class='ocrx_word' id='word_1_119' title='bbox 1100 1425 1262 1467; x_wconf 83' lang='lat' dir='ltr'>Johannis,</span> 
     </span>
     <span class='ocr_line' id='line_1_23' title="bbox 634 1471 900 1510; baseline 0.004 -7"><span class='ocrx_word' id='word_1_120' title='bbox 634 1471 722 1510; x_wconf 78' lang='lat' dir='ltr'>Quod</span> <span class='ocrx_word' id='word_1_121' title='bbox 747 1471 900 1510; x_wconf 78' lang='lat' dir='ltr'>sepelivit.</span> 
     </span>
    </p>
   </div>
   <div class='ocr_carea' id='block_1_9' title="bbox 529 1556 1293 1730">
    <p class='ocr_par' dir='ltr' id='par_1_11' title="bbox 529 1556 1293 1730">
     <span class='ocr_line' id='line_1_24' title="bbox 529 1556 1293 1598; baseline 0 -10"><span class='ocrx_word' id='word_1_122' title='bbox 529 1557 560 1588; x_wconf 87' lang='lat'>5.</span> <span class='ocrx_word' id='word_1_123' title='bbox 586 1556 685 1587; x_wconf 83' lang='lat' dir='ltr'>Parce</span> <span class='ocrx_word' id='word_1_124' title='bbox 708 1564 791 1587; x_wconf 88' lang='lat' dir='ltr'>nunc</span> <span class='ocrx_word' id='word_1_125' title='bbox 814 1556 938 1598; x_wconf 79' lang='lat' dir='ltr'>nostris,</span> <span class='ocrx_word' id='word_1_126' title='bbox 965 1556 1050 1588; x_wconf 90' lang='lat' dir='ltr'>Deus</span> <span class='ocrx_word' id='word_1_127' title='bbox 1074 1556 1166 1596; x_wconf 88' lang='lat' dir='ltr'>alme,</span> <span class='ocrx_word' id='word_1_128' title='bbox 1193 1557 1293 1597; x_wconf 84' lang='lat' dir='ltr'>culpis</span> 
     </span>
     <span class='ocr_line' id='line_1_25' title="bbox 582 1602 1185 1646; baseline -0.002 -12"><span class='ocrx_word' id='word_1_129' title='bbox 582 1602 627 1634; x_wconf 86' lang='lat' dir='ltr'>Et</span> <span class='ocrx_word' id='word_1_130' title='bbox 651 1603 772 1634; x_wconf 90' lang='lat' dir='ltr'>domum</span> <span class='ocrx_word' id='word_1_131' title='bbox 798 1611 921 1641; x_wconf 86' lang='lat' dir='ltr'>semper</span> <span class='ocrx_word' id='word_1_132' title='bbox 943 1602 1059 1634; x_wconf 86' lang='lat' dir='ltr'>tuearis</span> <span class='ocrx_word' id='word_1_133' title='bbox 1082 1603 1185 1646; x_wconf 84' lang='lat' dir='ltr'>istam,</span> 
     </span>
     <span class='ocr_line' id='line_1_26' title="bbox 587 1649 1269 1692; baseline 0.003 -12"><span class='ocrx_word' id='word_1_134' title='bbox 587 1649 644 1687; x_wconf 79' lang='lat' dir='ltr'>Qui</span> <span class='ocrx_word' id='word_1_135' title='bbox 669 1649 793 1689; x_wconf 86' lang='lat' dir='ltr'>globum</span> <span class='ocrx_word' id='word_1_136' title='bbox 817 1650 926 1681; x_wconf 88' lang='lat' dir='ltr'>mundi</span> <span class='ocrx_word' id='word_1_137' title='bbox 949 1649 1034 1692; x_wconf 78' lang='lat' dir='ltr'>regis</span> <span class='ocrx_word' id='word_1_138' title='bbox 1061 1653 1090 1680; x_wconf 90' lang='lat' dir='ltr'>et</span> <span class='ocrx_word' id='word_1_139' title='bbox 1116 1650 1269 1689; x_wconf 79' lang='lat' dir='ltr'>gubernas</span> 
     </span>
     <span class='ocr_line' id='line_1_27' title="bbox 629 1697 910 1730; baseline 0.004 -2"><span class='ocrx_word' id='word_1_140' title='bbox 629 1697 744 1728; x_wconf 89' lang='lat' dir='ltr'>Trinus</span> <span class='ocrx_word' id='word_1_141' title='bbox 768 1698 800 1726; x_wconf 82' lang='lat' dir='ltr'>et</span> <span class='ocrx_word' id='word_1_142' title='bbox 822 1705 910 1730; x_wconf 83' lang='lat' dir='ltr'>unus,</span> 
     </span>
    </p>
   </div>
   <div class='ocr_carea' id='block_1_10' title="bbox 333 1757 1388 1796">
    <p class='ocr_par' dir='ltr' id='par_1_12' title="bbox 333 1757 1388 1796">
     <span class='ocr_line' id='line_1_28' title="bbox 333 1757 1388 1796; baseline 0.003 -9"><span class='ocrx_word' id='word_1_143' title='bbox 333 1759 453 1796; x_wconf 83' lang='lat' dir='ltr'>Espaiia</span> <span class='ocrx_word' id='word_1_144' title='bbox 471 1759 599 1795; x_wconf 77' lang='lat' dir='ltr'>sagrada</span> <span class='ocrx_word' id='word_1_145' title='bbox 619 1761 711 1796; x_wconf 87' lang='lat' dir='ltr'>XXX,</span> <span class='ocrx_word' id='word_1_146' title='bbox 735 1757 791 1787; x_wconf 86' lang='lat'>304</span> <span class='ocrx_word' id='word_1_147' title='bbox 811 1769 846 1787; x_wconf 81' lang='lat' dir='ltr'>ex</span> <span class='ocrx_word' id='word_1_148' title='bbox 864 1761 1014 1788; x_wconf 81' lang='lat' dir='ltr'>Breviario</span> <span class='ocrx_word' id='word_1_149' title='bbox 1034 1760 1063 1787; x_wconf 91' lang='lat' dir='ltr'>S.</span> <span class='ocrx_word' id='word_1_150' title='bbox 1083 1761 1225 1789; x_wconf 76' lang='lat' dir='ltr'>Johannis</span> <span class='ocrx_word' id='word_1_151' title='bbox 1245 1761 1280 1789; x_wconf 86' lang='lat' dir='ltr'>de</span> <span class='ocrx_word' id='word_1_152' title='bbox 1299 1762 1388 1790; x_wconf 84' lang='lat' dir='ltr'>Pim&#39;s.</span> 
     </span>
    </p>
   </div>
   <div class='ocr_carea' id='block_1_11' title="bbox 681 1888 1110 1920">
    <p class='ocr_par' dir='ltr' id='par_1_13' title="bbox 681 1888 1110 1920">
     <span class='ocr_line' id='line_1_29' title="bbox 681 1888 1110 1920; baseline 0.002 -1"><span class='ocrx_word' id='word_1_153' title='bbox 681 1888 747 1920; x_wconf 82' lang='lat'>488.</span> <span class='ocrx_word' id='word_1_154' title='bbox 785 1888 829 1919; x_wconf 82' lang='lat' dir='ltr'>De</span> <span class='ocrx_word' id='word_1_155' title='bbox 846 1897 906 1920; x_wconf 83' lang='lat' dir='ltr'>uno</span> <span class='ocrx_word' id='word_1_156' title='bbox 926 1888 1110 1920; x_wconf 70' lang='lat' dir='ltr'>confessore.</span> 
     </span>
    </p>
   </div>
   <div class='ocr_carea' id='block_1_12' title="bbox 257 1954 1484 2197">
    <p class='ocr_par' dir='ltr' id='par_1_14' title="bbox 788 1954 1001 1985">
     <span class='ocr_line' id='line_1_30' title="bbox 788 1954 1001 1985; baseline -0.005 -2"><span class='ocrx_word' id='word_1_157' title='bbox 788 1954 823 1983; x_wconf 88' lang='lat' dir='ltr'>In</span> <span class='ocrx_word' id='word_1_158' title='bbox 841 1954 1001 1985; x_wconf 82' lang='lat' dir='ltr'>Nooturno.</span> 
     </span>
    </p>

    <p class='ocr_par' dir='ltr' id='par_1_15' title="bbox 257 2020 1484 2197">
     <span class='ocr_line' id='line_1_31' title="bbox 257 2020 1409 2064; baseline 0.003 -11"><span class='ocrx_word' id='word_1_159' title='bbox 257 2021 287 2053; x_wconf 89' lang='lat'>1.</span> <span class='ocrx_word' id='word_1_160' title='bbox 315 2020 482 2053; x_wconf 75' lang='lat' dir='ltr'>confessor</span> <span class='ocrx_word' id='word_1_161' title='bbox 504 2021 556 2052; x_wconf 87' lang='lat' dir='ltr'>hic</span> <span class='ocrx_word' id='word_1_162' title='bbox 580 2022 752 2061; x_wconf 90' lang='lat' dir='ltr'>probabilis</span> <span class='ocrx_word' id='word_1_163' title='bbox 927 2025 957 2056; x_wconf 90' lang='lat'>3.</span> <span class='ocrx_word' id='word_1_164' title='bbox 983 2022 1039 2054; x_wconf 86' lang='lat' dir='ltr'>Nil</span> <span class='ocrx_word' id='word_1_165' title='bbox 1062 2025 1126 2054; x_wconf 89' lang='lat' dir='ltr'>tam</span> <span class='ocrx_word' id='word_1_166' title='bbox 1150 2023 1219 2055; x_wconf 91' lang='lat' dir='ltr'>Deo</span> <span class='ocrx_word' id='word_1_167' title='bbox 1242 2023 1409 2064; x_wconf 85' lang='lat' dir='ltr'>probabile</span> 
     </span>
     <span class='ocr_line' id='line_1_32' title="bbox 312 2067 1483 2115; baseline 0.007 -17"><span class='ocrx_word' id='word_1_168' title='bbox 312 2067 456 2099; x_wconf 85' lang='lat' dir='ltr'>Extorris</span> <span class='ocrx_word' id='word_1_169' title='bbox 481 2077 558 2101; x_wconf 90' lang='lat' dir='ltr'>aevo</span> <span class='ocrx_word' id='word_1_170' title='bbox 585 2067 740 2100; x_wconf 87' lang='lat' dir='ltr'>confluens</span> <span class='ocrx_word' id='word_1_171' title='bbox 981 2069 1158 2109; x_wconf 84' lang='lat' dir='ltr'>Munusque</span> <span class='ocrx_word' id='word_1_172' title='bbox 1181 2073 1343 2110; x_wconf 82' lang='lat' dir='ltr'>acceptum</span> <span class='ocrx_word' id='word_1_173' title='bbox 1368 2077 1483 2115; x_wconf 85' lang='lat' dir='ltr'>manet,</span> 
     </span>
     <span class='ocr_line' id='line_1_33' title="bbox 314 2114 1484 2157; baseline 0.005 -12"><span class='ocrx_word' id='word_1_174' title='bbox 314 2114 386 2145; x_wconf 87' lang='lat' dir='ltr'>Veri</span> <span class='ocrx_word' id='word_1_175' title='bbox 411 2115 451 2146; x_wconf 89' lang='lat' dir='ltr'>ad</span> <span class='ocrx_word' id='word_1_176' title='bbox 476 2124 562 2146; x_wconf 85' lang='lat' dir='ltr'>aram</span> <span class='ocrx_word' id='word_1_177' title='bbox 585 2115 711 2147; x_wconf 83' lang='lat' dir='ltr'>luminis</span> <span class='ocrx_word' id='word_1_178' title='bbox 982 2116 1080 2155; x_wconf 76' lang='lat' dir='ltr'>Quam</span> <span class='ocrx_word' id='word_1_179' title='bbox 1104 2117 1131 2147; x_wconf 91' lang='lat' dir='ltr'>si</span> <span class='ocrx_word' id='word_1_180' title='bbox 1156 2125 1214 2157; x_wconf 84' lang='lat' dir='ltr'>per</span> <span class='ocrx_word' id='word_1_181' title='bbox 1237 2117 1301 2149; x_wconf 87' lang='lat' dir='ltr'>oris</span> <span class='ocrx_word' id='word_1_182' title='bbox 1325 2119 1484 2152; x_wconf 83' lang='lat' dir='ltr'>victimam</span> 
     </span>
     <span class='ocr_line' id='line_1_34' title="bbox 313 2160 1340 2197; baseline 0.005 -5"><span class='ocrx_word' id='word_1_183' title='bbox 313 2160 384 2192; x_wconf 84' lang='lat' dir='ltr'>Oris</span> <span class='ocrx_word' id='word_1_184' title='bbox 407 2161 476 2193; x_wconf 85' lang='lat' dir='ltr'>Deo</span> <span class='ocrx_word' id='word_1_185' title='bbox 499 2160 565 2193; x_wconf 82' lang='lat' dir='ltr'>fert</span> <span class='ocrx_word' id='word_1_186' title='bbox 586 2162 731 2195; x_wconf 82' lang='lat' dir='ltr'>hostiam.</span> <span class='ocrx_word' id='word_1_187' title='bbox 982 2162 1122 2195; x_wconf 85' lang='lat' dir='ltr'>Litemus</span> <span class='ocrx_word' id='word_1_188' title='bbox 1146 2164 1174 2195; x_wconf 87' lang='lat' dir='ltr'>ei</span> <span class='ocrx_word' id='word_1_189' title='bbox 1196 2164 1340 2197; x_wconf 80' lang='lat' dir='ltr'>hostiam.</span> 
     </span>
    </p>
   </div>
   <div class='ocr_carea' id='block_1_13' title="bbox 255 2235 1387 2419">
    <p class='ocr_par' dir='ltr' id='par_1_16' title="bbox 255 2235 1387 2419">
     <span class='ocr_line' id='line_1_35' title="bbox 255 2235 1347 2281; baseline 0.005 -15"><span class='ocrx_word' id='word_1_190' title='bbox 255 2237 286 2267; x_wconf 88' lang='lat'>2.</span> <span class='ocrx_word' id='word_1_191' title='bbox 314 2235 409 2273; x_wconf 84' lang='lat' dir='ltr'>Quam</span> <span class='ocrx_word' id='word_1_192' title='bbox 433 2237 532 2276; x_wconf 84' lang='lat' dir='ltr'>patris</span> <span class='ocrx_word' id='word_1_193' title='bbox 556 2240 723 2277; x_wconf 83' lang='lat' dir='ltr'>acceptant</span> <span class='ocrx_word' id='word_1_194' title='bbox 745 2246 863 2281; x_wconf 87' lang='lat' dir='ltr'>manus,</span> <span class='ocrx_word' id='word_1_195' title='bbox 923 2240 955 2271; x_wconf 81' lang='lat'>4.</span> <span class='ocrx_word' id='word_1_196' title='bbox 981 2238 1043 2271; x_wconf 84' lang='lat' dir='ltr'>Hic</span> <span class='ocrx_word' id='word_1_197' title='bbox 1067 2246 1139 2278; x_wconf 87' lang='lat' dir='ltr'>ergo</span> <span class='ocrx_word' id='word_1_198' title='bbox 1164 2238 1263 2271; x_wconf 85' lang='lat' dir='ltr'>filium</span> <span class='ocrx_word' id='word_1_199' title='bbox 1286 2239 1347 2271; x_wconf 84' lang='lat' dir='ltr'>Dei</span> 
     </span>
     <span class='ocr_line' id='line_1_36' title="bbox 311 2283 1348 2325; baseline 0.005 -12"><span class='ocrx_word' id='word_1_200' title='bbox 311 2283 407 2320; x_wconf 75' lang='lat' dir='ltr'>Quam</span> <span class='ocrx_word' id='word_1_201' title='bbox 425 2283 566 2315; x_wconf 84' lang='lat' dir='ltr'>Christus</span> <span class='ocrx_word' id='word_1_202' title='bbox 586 2285 655 2323; x_wconf 86' lang='lat' dir='ltr'>ipse</span> <span class='ocrx_word' id='word_1_203' title='bbox 673 2284 863 2325; x_wconf 81' lang='lat' dir='ltr'>comprobat,</span> <span class='ocrx_word' id='word_1_204' title='bbox 981 2283 1147 2317; x_wconf 84' lang='lat' dir='ltr'>Confessus</span> <span class='ocrx_word' id='word_1_205' title='bbox 1172 2295 1227 2318; x_wconf 86' lang='lat' dir='ltr'>ore</span> <span class='ocrx_word' id='word_1_206' title='bbox 1250 2286 1348 2318; x_wconf 88' lang='lat' dir='ltr'>nobili</span> 
     </span>
     <span class='ocr_line' id='line_1_37' title="bbox 311 2328 1387 2373; baseline 0.006 -13"><span class='ocrx_word' id='word_1_207' title='bbox 311 2329 432 2373; x_wconf 83' lang='lat' dir='ltr'>Ratam,</span> <span class='ocrx_word' id='word_1_208' title='bbox 454 2328 590 2372; x_wconf 84' lang='lat' dir='ltr'>fidelem,</span> <span class='ocrx_word' id='word_1_209' title='bbox 615 2332 764 2373; x_wconf 83' lang='lat' dir='ltr'>vividam,</span> <span class='ocrx_word' id='word_1_210' title='bbox 980 2330 1129 2364; x_wconf 89' lang='lat' dir='ltr'>Coelestis</span> <span class='ocrx_word' id='word_1_211' title='bbox 1154 2334 1245 2365; x_wconf 89' lang='lat' dir='ltr'>aulae</span> <span class='ocrx_word' id='word_1_212' title='bbox 1269 2334 1387 2366; x_wconf 84' lang='lat' dir='ltr'>curiam</span> 
     </span>
     <span class='ocr_line' id='line_1_38' title="bbox 310 2376 1386 2419; baseline 0.007 -13"><span class='ocrx_word' id='word_1_213' title='bbox 310 2376 376 2414; x_wconf 77' lang='lat' dir='ltr'>Qua</span> <span class='ocrx_word' id='word_1_214' title='bbox 398 2376 577 2408; x_wconf 70' lang='lat' dir='ltr'>lucidentur</span> <span class='ocrx_word' id='word_1_215' title='bbox 601 2378 720 2412; x_wconf 84' lang='lat' dir='ltr'>intima.</span> <span class='ocrx_word' id='word_1_216' title='bbox 978 2380 1081 2412; x_wconf 84' lang='lat' dir='ltr'>Intrat</span> <span class='ocrx_word' id='word_1_217' title='bbox 1104 2381 1251 2419; x_wconf 85' lang='lat' dir='ltr'>perennis</span> <span class='ocrx_word' id='word_1_218' title='bbox 1273 2381 1386 2415; x_wconf 89' lang='lat' dir='ltr'>incola.</span> 
     </span>
    </p>
   </div>
  </div>
 </body>
</html>
