1651 2518
798 158 959 190 -240
1011 174 1053 179 ——

283 257 316 287 3.
347 254 501 284 Coronam
527 251 730 290 vigilantibus
964 248 994 277 5.
1022 245 1119 275 Alcns
1146 243 1307 276 doctrinae
1331 241 1446 291 pabulo

348 297 538 329 Promissam
564 296 652 327 novit,
674 294 793 332 intime,
1023 290 1117 321 Suum
1142 296 1266 327 gregem
1289 285 1454 326 salubrius

342 344 442 381 Quam
467 343 523 374 das
548 344 580 372 te
604 336 858 376 formidantibus,
1022 334 1121 365 Recto
1145 332 1246 363 fertur
1271 330 1423 381 vocabulo

341 387 494 418 Rerum
519 387 692 417 creator
717 381 883 420 optime.
1022 379 1122 409 Ales
1149 376 1235 408 diei
1258 378 1440 406 nunt1us.

283 471 315 500 4.
344 469 488 500 Pastoris
514 466 615 498 sancti
640 462 788 503 precibus
969 461 1002 491 6.
1027 459 1126 490 Trino
1147 458 1190 488 sit.
1210 458 1279 488 laus
1303 460 1335 488 et
1356 458 1501 499 simplici,

346 514 389 544 Et
414 513 533 551 pietate
558 510 671 541 sedula
1028 504 1151 543 Honor,
1176 503 1276 534 virtus
1302 506 1333 534 et
1356 504 1455 543 gloria

346 558 546 596 Elongantur
571 565 591 586 a
616 553 731 585 finibus
1029 550 1074 581 Et
1096 549 1259 588 utriusque
1281 547 1398 581 flamini

346 603 434 633 Nox
481 601 690 632 tenebrae
715 601 753 628 et
776 597 918 628 nubila.
1037 596 1082 627 In
1106 598 1279 627 aeterna
1302 598 1501 632 memoria.

364 674 448 700 Brev.
471 682 524 699 mm.
546 673 711 700 oxomense
732 678 806 697 saec.
830 668 873 696 15.
895 669 965 696 God.
987 668 1080 704 Capit.
1102 668 1238 696 Oxomen.
1259 678 1281 697 s.
1301 678 1328 696 n.

692 805 754 837 418.
797 806 840 837 De
860 814 884 836 s.
905 806 997 838 Petro
1021 806 1191 839 oxomensi.

840 882 888 912 Ad
906 883 1033 914 Laudes.

294 961 327 994 1.
356 960 375 992 J
378 968 427 991 am
453 963 556 992 noctis
582 959 695 991 umbra
717 960 821 992 tenuis
979 964 1010 996 4.
1036 962 1191 996 Vexillum
1214 964 1382 1003 patient-iae

354 1006 430 1038 Diei
454 1006 561 1038 lumen
585 1010 746 1048 aggregat,
1037 1011 1074 1043 In
1100 1010 1194 1042 corde
1216 1011 1272 1043 sed
1297 1012 1444 1043 encletico

354 1054 433 1086 Tam
459 1054 560 1086 servis
586 1063 677 1094 quam
703 1055 846 1094 ingenuis
1035 1057 1121 1089 Tulit
1145 1056 1213 1089 fons
1237 1059 1406 1098 sapientiae

354 1102 520 1133 Aurora
544 1101 660 1133 lucis
686 1102 851 1136 rutilat.
1035 1104 1092 1136 Ex
1124 1113 1233 1137 more
1262 1106 1372 1138 docti
1396 1107 1578 1146 mystico.

299 1187 330 1219 2.
360 1186 446 1218 Almi
471 1189 602 1227 precatu
627 1188 783 1227 praesulis
980 1191 1010 1222 5.
1037 1190 1173 1229 Opacum
1197 1191 1295 1222 nostri
1317 1191 1452 1223 vulneris

357 1235 487 1267 Peccati
512 1234 549 1267 fit
571 1235 761 1279 peremptio,
1036 1237 1085 1269 Pii
1109 1238 1242 1277 pastoris
1266 1246 1359 1277 opere

357 1281 482 1314 Noxam
510 1282 637 1314 remitte
662 1283 801 1324 sceleris,
1035 1284 1133 1316 Donis
1157 1285 1292 1317 lucescat
1316 1285 1434 1325 superis

355 1329 480 1371 Jesu‚
507 1331 920 1371 nostraredemptio.
1037 1333 1121 1366 Jam
1147 1333 1257 1364 lucis
1281 1335 1371 1364 orto
1396 1332 1545 1366 sidere.

301 1418 331 1450 3.
359 1416 440 1448 Dum
468 1417 596 1450 Uhri==to
622 1426 679 1449 nos
703 1415 907 1449 confoederat
980 1419 1009 1451 6.
1036 1418 1130 1450 Trino
1154 1418 1195 1449 sit
1215 1418 1281 1449 laus
1307 1420 1338 1449 ct
1357 1418 1499 1458 simplici,

358 1464 462 1504 Hujus
489 1465 552 1496 dici
577 1465 707 1505 praevia
1037 1466 1151 1508 Honor,
1178 1465 1274 1498 virtus
1300 1468 1331 1496 et
1353 1465 1452 1506 gloria

358 1512 557 1553 solemnitas,
583 1513 750 1545 adnuntiat
1036 1513 1078 1545 Et
1101 1513 1259 1553 utriusque
1281 1511 1397 1545 flamini

353 1560 487 1593 Beata
512 1561 635 1593 nobis
660 1561 829 1602 gaudia.
1037 1561 1080 1592 In
1104 1563 1277 1592 aeterna
1299 1559 1502 1593 memoria.

369 1636 455 1664 Brev.
477 1645 531 1664 ms.
552 1636 717 1665 Oxomense
737 1644 812 1664 saec.
835 1634 877 1664 15.
899 1636 968 1663 Uod.
994 1636 1087 1673 Capit.
1109 1635 1243 1663 Oxomen.
1264 1644 1286 1662 s.
1306 1644 1333 1661 n.

742 1767 804 1799 419.
847 1767 890 1799 De
910 1767 1015 1798 sancto
1033 1765 1147 1798 Pontio.

828 1845 876 1874 Ad
898 1844 1052 1882 Vesperas.

287 1919 317 1951 1.
346 1920 432 1951 Rorc
458 1922 558 1953 divini
585 1921 717 1953 balsami
972 1924 1003 1956 3.
1030 1922 1174 1954 Gliscens
1200 1921 1328 1953 coelesti
1355 1921 1505 1962 dogmate,

346 1966 461 1997 Mundi
485 1968 695 2007 pinguescant
720 1969 846 2000 termini
1028 1969 1178 2008 Repletus
1203 1977 1293 2000 sacro
1318 1970 1470 2008 neumate,

341 2010 471 2043 Festivo
499 2014 583 2043 cultu
610 2014 673 2044 diei
1026 2015 1133 2045 Astris
1157 2015 1280 2053 accepit,
1303 2015 1441 2053 regimen

339 2055 431 2086 Beati
457 2058 548 2088 testis
573 2059 687 2090 Pontii.
1023 2060 1163 2097 Eurique
1185 2063 1329 2098 praestat
1353 2062 1495 2100 tegimen.

281 2137 312 2166 2.
339 2136 392 2167 Ex
417 2137 497 2168 urbe
518 2138 642 2175 pridem
667 2139 802 2170 Romula
960 2141 990 2171 4.
1016 2141 1093 2177 Ig-ne
1117 2148 1282 2169 succensus
1306 2140 1381 2169 fidei

334 2181 413 2211 Alta
438 2181 555 2212 ducens
579 2183 730 2221 prosapia
1019 2183 1228 2213 Corruscabat
1249 2183 1420 2220 miraculiS,

332 2224 452 2255 Lumen
479 2229 604 2257 secutus
629 2227 778 2257 luminum
1013 2225 1159 2256 Gaudens
1186 2226 1305 2255 athleta
1328 2226 1443 2263 spiritu

333 2268 418 2306 Agni
442 2271 589 2308 percepit
612 2271 763 2301 bravium.
1008 2269 1103 2299 Nullo
1126 2268 1237 2299 ruebas
1260 2269 1387 2307 impetu.

265 2372 324 2397 Stet!
341 2337 425 2397 Ζὲἶέεν.
447 2347 498 2365 ms.
513 2340 692 2366 Pinnatense
710 2347 785 2366 saec.
809 2338 851 2365 14.
871 2341 903 2365 in
917 2336 1153 2364 Cod.Scm·1alen.
1168 2337 1192 2364 G
1211 2338 1255 2363 IV
1274 2337 1317 2366 29.
1339 2356 1375 2360 —
1395 2341 1421 2378 3,
1442 2346 1461 2375 4
1472 2359 1561 2386 prae-
