<?xml version="1.0" encoding="UTF-8"?>
<!DOCTYPE html PUBLIC "-//W3C//DTD XHTML 1.0 Transitional//EN"
    "http://www.w3.org/TR/xhtml1/DTD/xhtml1-transitional.dtd">
<html xmlns="http://www.w3.org/1999/xhtml" xml:lang="en" lang="en">
 <head>
  <title>
</title>
<meta http-equiv="Content-Type" content="text/html;charset=utf-8" />
  <meta name='ocr-system' content='tesseract 3.04.00' />
  <meta name='ocr-capabilities' content='ocr_page ocr_carea ocr_par ocr_line ocrx_word'/>
</head>
<body>
  <div class='ocr_page' id='page_1' title='image "./analectahymnica16drevuoft_00056.png"; bbox 0 0 1651 2518; ppageno 0'>
   <div class='ocr_carea' id='block_1_1' title="bbox 732 118 962 154">
    <p class='ocr_par' dir='ltr' id='par_1_1' title="bbox 732 118 962 154">
     <span class='ocr_line' id='line_1_1' title="bbox 732 118 962 154; baseline -0.009 -9"><span class='ocrx_word' id='word_1_1' title='bbox 732 118 962 154; x_wconf 45' lang='grc'><strong>,53-</strong></span> 
     </span>
    </p>
   </div>
   <div class='ocr_carea' id='block_1_2' title="bbox 206 213 1447 255">
    <p class='ocr_par' dir='ltr' id='par_1_2' title="bbox 206 213 1447 255">
     <span class='ocr_line' id='line_1_2' title="bbox 206 213 1447 255; baseline -0.002 -8"><span class='ocrx_word' id='word_1_2' title='bbox 206 216 238 248; x_wconf 78' lang='lat'><strong>3.</strong></span> <span class='ocrx_word' id='word_1_3' title='bbox 264 214 338 255; x_wconf 77' lang='lat' dir='ltr'><strong>Quis</strong></span> <span class='ocrx_word' id='word_1_4' title='bbox 364 216 458 254; x_wconf 85' lang='lat' dir='ltr'><strong>caput</strong></span> <span class='ocrx_word' id='word_1_5' title='bbox 482 217 546 246; x_wconf 86' lang='lat' dir='ltr'><strong>tam</strong></span> <span class='ocrx_word' id='word_1_6' title='bbox 570 215 799 247; x_wconf 84' lang='lat' dir='ltr'><strong>sanctissimum</strong></span> <span class='ocrx_word' id='word_1_7' title='bbox 881 216 913 249; x_wconf 82' lang='lat'><strong>4.</strong></span> <span class='ocrx_word' id='word_1_8' title='bbox 940 213 1012 254; x_wconf 74' lang='lat' dir='ltr'><strong>Quis</strong></span> <span class='ocrx_word' id='word_1_9' title='bbox 1036 216 1146 253; x_wconf 85' lang='lat' dir='ltr'><strong>pectus</strong></span> <span class='ocrx_word' id='word_1_10' title='bbox 1170 214 1258 254; x_wconf 85' lang='lat' dir='ltr'><strong>rupit</strong></span> <span class='ocrx_word' id='word_1_11' title='bbox 1281 213 1447 245; x_wconf 87' lang='lat' dir='ltr'><strong>candidum</strong></span> 
     </span>
    </p>
   </div>
   <div class='ocr_carea' id='block_1_3' title="bbox 262 259 1425 394">
    <p class='ocr_par' dir='ltr' id='par_1_3' title="bbox 262 259 1425 394">
     <span class='ocr_line' id='line_1_3' title="bbox 265 259 1366 302; baseline -0.002 -10"><span class='ocrx_word' id='word_1_12' title='bbox 265 262 342 293; x_wconf 89' lang='lat' dir='ltr'><strong>Tam</strong></span> <span class='ocrx_word' id='word_1_13' title='bbox 369 261 446 293; x_wconf 84' lang='lat' dir='ltr'><strong>diris</strong></span> <span class='ocrx_word' id='word_1_14' title='bbox 472 261 571 301; x_wconf 85' lang='lat' dir='ltr'>spinis</span> <span class='ocrx_word' id='word_1_15' title='bbox 595 261 726 302; x_wconf 58' lang='lat' dir='ltr'><strong>plexum</strong></span> <span class='ocrx_word' id='word_1_16' title='bbox 938 261 1017 293; x_wconf 86' lang='lat' dir='ltr'><strong>Tam</strong></span> <span class='ocrx_word' id='word_1_17' title='bbox 1041 260 1108 293; x_wconf 88' lang='lat' dir='ltr'><strong>fero</strong></span> <span class='ocrx_word' id='word_1_18' title='bbox 1134 259 1212 292; x_wconf 84' lang='lat' dir='ltr'><strong>ferri</strong></span> <span class='ocrx_word' id='word_1_19' title='bbox 1239 259 1366 293; x_wconf 65' lang='lat' dir='ltr'><strong>vibice?</strong></span> 
     </span>
     <span class='ocr_line' id='line_1_4' title="bbox 262 306 1390 348; baseline -0.002 -9"><span class='ocrx_word' id='word_1_20' title='bbox 262 308 397 340; x_wconf 88' lang='lat' dir='ltr'><strong>Hortum</strong></span> <span class='ocrx_word' id='word_1_21' title='bbox 421 311 486 340; x_wconf 86' lang='lat' dir='ltr'><strong>tam</strong></span> <span class='ocrx_word' id='word_1_22' title='bbox 510 308 762 340; x_wconf 85' lang='lat' dir='ltr'><strong>amoenissimum</strong></span> <span class='ocrx_word' id='word_1_23' title='bbox 940 308 1013 348; x_wconf 80' lang='lat' dir='ltr'><strong>Quis</strong></span> <span class='ocrx_word' id='word_1_24' title='bbox 1037 316 1147 339; x_wconf 85' lang='lat' dir='ltr'><strong>manus</strong></span> <span class='ocrx_word' id='word_1_25' title='bbox 1172 306 1247 339; x_wconf 85' lang='lat' dir='ltr'><strong>fecit</strong></span> <span class='ocrx_word' id='word_1_26' title='bbox 1271 307 1390 339; x_wconf 77' lang='lat' dir='ltr'><strong>murice</strong></span> 
     </span>
     <span class='ocr_line' id='line_1_5' title="bbox 265 352 1425 394; baseline -0.001 -9"><span class='ocrx_word' id='word_1_27' title='bbox 265 355 341 394; x_wconf 77' lang='lat' dir='ltr'><strong>Quis</strong></span> <span class='ocrx_word' id='word_1_28' title='bbox 364 356 466 394; x_wconf 79' lang='lat' dir='ltr'><strong>sepsit</strong></span> <span class='ocrx_word' id='word_1_29' title='bbox 489 358 522 387; x_wconf 84' lang='lat' dir='ltr'><strong>et</strong></span> <span class='ocrx_word' id='word_1_30' title='bbox 543 364 608 387; x_wconf 84' lang='lat' dir='ltr'><strong>non</strong></span> <span class='ocrx_word' id='word_1_31' title='bbox 633 355 756 388; x_wconf 75' lang='lat' dir='ltr'><strong>doluit?</strong></span> <span class='ocrx_word' id='word_1_32' title='bbox 940 355 1076 387; x_wconf 78' lang='lat' dir='ltr'><strong>Fluxum</strong></span> <span class='ocrx_word' id='word_1_33' title='bbox 1100 355 1177 387; x_wconf 80' lang='lat' dir='ltr'><strong>dare</strong></span> <span class='ocrx_word' id='word_1_34' title='bbox 1200 354 1404 394; x_wconf 74' lang='lat' dir='ltr'><strong>sanguineum</strong></span> <span class='ocrx_word' id='word_1_35' title='bbox 1412 352 1425 384; x_wconf 52' lang='lat' dir='ltr'><strong>‘a</strong></span> 
     </span>
    </p>
   </div>
   <div class='ocr_carea' id='block_1_4' title="bbox 599 411 1157 593">
    <p class='ocr_par' dir='ltr' id='par_1_4' title="bbox 599 411 1157 593">
     <span class='ocr_line' id='line_1_6' title="bbox 599 411 1095 451; baseline -0.004 -7"><span class='ocrx_word' id='word_1_36' title='bbox 599 412 629 445; x_wconf 87' lang='lat'><strong>5.</strong></span> <span class='ocrx_word' id='word_1_37' title='bbox 656 412 741 444; x_wconf 87' lang='lat' dir='ltr'><strong>Laus</strong></span> <span class='ocrx_word' id='word_1_38' title='bbox 766 412 850 451; x_wconf 88' lang='lat' dir='ltr'><strong>patri</strong></span> <span class='ocrx_word' id='word_1_39' title='bbox 874 412 917 443; x_wconf 88' lang='lat' dir='ltr'><strong>sit</strong></span> <span class='ocrx_word' id='word_1_40' title='bbox 941 414 972 443; x_wconf 87' lang='lat' dir='ltr'><strong>et</strong></span> <span class='ocrx_word' id='word_1_41' title='bbox 995 411 1095 451; x_wconf 87' lang='lat' dir='ltr'><strong>gloria</strong></span> 
     </span>
     <span class='ocr_line' id='line_1_7' title="bbox 659 459 1088 499; baseline -0.005 -8"><span class='ocrx_word' id='word_1_42' title='bbox 659 459 735 491; x_wconf 89' lang='lat' dir='ltr'><strong>Cum</strong></span> <span class='ocrx_word' id='word_1_43' title='bbox 760 459 892 499; x_wconf 85' lang='lat' dir='ltr'><strong>mystico</strong></span> <span class='ocrx_word' id='word_1_44' title='bbox 917 459 1088 498; x_wconf 79' lang='lat' dir='ltr'><strong>spiramine</strong></span> 
     </span>
     <span class='ocr_line' id='line_1_8' title="bbox 656 505 1016 546; baseline 0 -9"><span class='ocrx_word' id='word_1_45' title='bbox 656 506 781 546; x_wconf 78' lang='lat' dir='ltr'>Illique,</span> <span class='ocrx_word' id='word_1_46' title='bbox 806 505 860 546; x_wconf 83' lang='lat' dir='ltr'><strong>qui</strong></span> <span class='ocrx_word' id='word_1_47' title='bbox 882 506 1016 537; x_wconf 80' lang='lat' dir='ltr'><strong>victoria</strong></span> 
     </span>
     <span class='ocr_line' id='line_1_9' title="bbox 656 552 1157 593; baseline 0.002 -9"><span class='ocrx_word' id='word_1_48' title='bbox 656 552 779 585; x_wconf 85' lang='lat' dir='ltr'><strong>Mundo</strong></span> <span class='ocrx_word' id='word_1_49' title='bbox 803 552 976 593; x_wconf 76' lang='lat' dir='ltr'><strong>triumphat</strong></span> <span class='ocrx_word' id='word_1_50' title='bbox 997 552 1157 593; x_wconf 86' lang='lat' dir='ltr'><strong>sanguine.</strong></span> 
     </span>
    </p>
   </div>
   <div class='ocr_carea' id='block_1_5' title="bbox 207 612 1500 690">
    <p class='ocr_par' dir='ltr' id='par_1_5' title="bbox 207 612 1500 690">
     <span class='ocr_line' id='line_1_10' title="bbox 281 612 1500 653; baseline -0.003 -9"><span class='ocrx_word' id='word_1_51' title='bbox 281 617 365 644; x_wconf 88' lang='lat' dir='ltr'><strong>Brev.</strong></span> <span class='ocrx_word' id='word_1_52' title='bbox 395 615 462 644; x_wconf 88' lang='lat' dir='ltr'><strong>Ord.</strong></span> <span class='ocrx_word' id='word_1_53' title='bbox 493 616 522 645; x_wconf 81' lang='lat' dir='ltr'><strong>S.</strong></span> <span class='ocrx_word' id='word_1_54' title='bbox 552 617 664 644; x_wconf 82' lang='lat' dir='ltr'><strong>Mariae</strong></span> <span class='ocrx_word' id='word_1_55' title='bbox 695 617 730 644; x_wconf 84' lang='lat' dir='ltr'><strong>de</strong></span> <span class='ocrx_word' id='word_1_56' title='bbox 752 616 885 645; x_wconf 79' lang='lat' dir='ltr'>Mercede</span> <span class='ocrx_word' id='word_1_57' title='bbox 916 617 984 653; x_wconf 87' lang='lat' dir='ltr'><strong>imp.</strong></span> <span class='ocrx_word' id='word_1_58' title='bbox 1005 616 1141 653; x_wconf 80' lang='lat' dir='ltr'><strong>Lugduni</strong></span> <span class='ocrx_word' id='word_1_59' title='bbox 1169 613 1249 644; x_wconf 81' lang='lat'><strong>1560.</strong></span> <span class='ocrx_word' id='word_1_60' title='bbox 1303 630 1313 635; x_wconf 90' lang='lat'>—</span> <span class='ocrx_word' id='word_1_61' title='bbox 1342 612 1372 648; x_wconf 80' lang='lat'><strong>2,</strong></span> <span class='ocrx_word' id='word_1_62' title='bbox 1397 612 1417 641; x_wconf 88' lang='lat'>4</span> <span class='ocrx_word' id='word_1_63' title='bbox 1443 615 1500 641; x_wconf 81' lang='lat' dir='ltr'><strong>ista</strong></span> 
     </span>
     <span class='ocr_line' id='line_1_11' title="bbox 207 655 462 690; baseline -0.008 -9"><span class='ocrx_word' id='word_1_64' title='bbox 207 655 325 681; x_wconf 85' lang='lat' dir='ltr'><strong>moestis</strong></span> <span class='ocrx_word' id='word_1_65' title='bbox 345 656 462 690; x_wconf 81' lang='lat' dir='ltr'><strong>gemuit.</strong></span> 
     </span>
    </p>
   </div>
   <div class='ocr_carea' id='block_1_6' title="bbox 666 743 1046 776">
    <p class='ocr_par' dir='ltr' id='par_1_6' title="bbox 666 743 1046 776">
     <span class='ocr_line' id='line_1_12' title="bbox 666 743 1046 776; baseline 0 -1"><span class='ocrx_word' id='word_1_66' title='bbox 666 743 714 775; x_wconf 76' lang='lat'><strong>53.</strong></span> <span class='ocrx_word' id='word_1_67' title='bbox 753 744 797 776; x_wconf 84' lang='lat' dir='ltr'><strong>De</strong></span> <span class='ocrx_word' id='word_1_68' title='bbox 816 743 940 776; x_wconf 71' lang='lat' dir='ltr'><strong>Pietate</strong></span> <span class='ocrx_word' id='word_1_69' title='bbox 959 744 1046 775; x_wconf 72' lang='lat' dir='ltr'><strong>BMV.</strong></span> 
     </span>
    </p>
   </div>
   <div class='ocr_carea' id='block_1_7' title="bbox 209 810 1445 1255">
    <p class='ocr_par' dir='ltr' id='par_1_7' title="bbox 754 810 948 840">
     <span class='ocr_line' id='line_1_13' title="bbox 754 810 948 840; baseline -0.005 0"><span class='ocrx_word' id='word_1_70' title='bbox 754 810 803 840; x_wconf 88' lang='lat' dir='ltr'><strong>Ad</strong></span> <span class='ocrx_word' id='word_1_71' title='bbox 822 810 948 840; x_wconf 85' lang='lat' dir='ltr'><strong>Laudes.</strong></span> 
     </span>
    </p>

    <p class='ocr_par' dir='ltr' id='par_1_8' title="bbox 209 875 1408 1060">
     <span class='ocr_line' id='line_1_14' title="bbox 209 875 1363 921; baseline -0.003 -10"><span class='ocrx_word' id='word_1_72' title='bbox 209 880 238 911; x_wconf 87' lang='lat'><strong>1.</strong></span> <span class='ocrx_word' id='word_1_73' title='bbox 265 878 346 921; x_wconf 82' lang='lat' dir='ltr'><strong>Jam,</strong></span> <span class='ocrx_word' id='word_1_74' title='bbox 373 878 465 909; x_wconf 83' lang='lat' dir='ltr'><strong>stella</strong></span> <span class='ocrx_word' id='word_1_75' title='bbox 489 878 585 910; x_wconf 85' lang='lat' dir='ltr'><strong>maris</strong></span> <span class='ocrx_word' id='word_1_76' title='bbox 610 875 743 918; x_wconf 83' lang='lat' dir='ltr'><strong>fulgida,</strong></span> <span class='ocrx_word' id='word_1_77' title='bbox 884 880 915 912; x_wconf 87' lang='lat'><strong>3.</strong></span> <span class='ocrx_word' id='word_1_78' title='bbox 939 878 1064 909; x_wconf 89' lang='lat' dir='ltr'><strong>Amoris</strong></span> <span class='ocrx_word' id='word_1_79' title='bbox 1091 879 1177 910; x_wconf 88' lang='lat' dir='ltr'><strong>color</strong></span> <span class='ocrx_word' id='word_1_80' title='bbox 1199 878 1363 917; x_wconf 84' lang='lat' dir='ltr'><strong>praedicat</strong></span> 
     </span>
     <span class='ocr_line' id='line_1_15' title="bbox 267 924 1370 965; baseline -0.001 -9"><span class='ocrx_word' id='word_1_81' title='bbox 267 925 338 957; x_wconf 85' lang='lat' dir='ltr'><strong>Non</strong></span> <span class='ocrx_word' id='word_1_82' title='bbox 362 933 420 956; x_wconf 88' lang='lat' dir='ltr'><strong>ave</strong></span> <span class='ocrx_word' id='word_1_83' title='bbox 444 924 503 956; x_wconf 83' lang='lat' dir='ltr'><strong>tibi</strong></span> <span class='ocrx_word' id='word_1_84' title='bbox 528 924 668 965; x_wconf 82' lang='lat' dir='ltr'><strong>dicimus,</strong></span> <span class='ocrx_word' id='word_1_85' title='bbox 940 925 1099 964; x_wconf 83' lang='lat' dir='ltr'><strong>Amorem,</strong></span> <span class='ocrx_word' id='word_1_86' title='bbox 1129 925 1181 964; x_wconf 88' lang='lat' dir='ltr'><strong>qui</strong></span> <span class='ocrx_word' id='word_1_87' title='bbox 1204 928 1237 956; x_wconf 90' lang='lat' dir='ltr'><strong>te</strong></span> <span class='ocrx_word' id='word_1_88' title='bbox 1261 925 1370 965; x_wconf 85' lang='lat' dir='ltr'><strong>tenuit,</strong></span> 
     </span>
     <span class='ocr_line' id='line_1_16' title="bbox 266 970 1346 1011; baseline -0.001 -8"><span class='ocrx_word' id='word_1_89' title='bbox 266 972 357 1011; x_wconf 78' lang='lat' dir='ltr'><strong>Quod</strong></span> <span class='ocrx_word' id='word_1_90' title='bbox 379 971 440 1002; x_wconf 84' lang='lat' dir='ltr'><strong>tibi</strong></span> <span class='ocrx_word' id='word_1_91' title='bbox 458 975 559 1003; x_wconf 86' lang='lat' dir='ltr'><strong>mater</strong></span> <span class='ocrx_word' id='word_1_92' title='bbox 583 970 725 1010; x_wconf 69' lang='lat' dir='ltr'><strong>fecimuS,</strong></span> <span class='ocrx_word' id='word_1_93' title='bbox 942 971 1063 1003; x_wconf 84' lang='lat' dir='ltr'><strong>Coloris</strong></span> <span class='ocrx_word' id='word_1_94' title='bbox 1087 972 1177 1003; x_wconf 85' lang='lat' dir='ltr'><strong>dolor</strong></span> <span class='ocrx_word' id='word_1_95' title='bbox 1201 971 1346 1003; x_wconf 83' lang='lat' dir='ltr'><strong>vulnerat</strong></span> 
     </span>
     <span class='ocr_line' id='line_1_17' title="bbox 267 1018 1408 1060; baseline -0.002 -9"><span class='ocrx_word' id='word_1_96' title='bbox 267 1018 392 1051; x_wconf 84' lang='lat' dir='ltr'><strong>Vexilla</strong></span> <span class='ocrx_word' id='word_1_97' title='bbox 416 1023 542 1050; x_wconf 88' lang='lat' dir='ltr'><strong>sumunt</strong></span> <span class='ocrx_word' id='word_1_98' title='bbox 565 1018 661 1060; x_wconf 86' lang='lat' dir='ltr'><strong>regia.</strong></span> <span class='ocrx_word' id='word_1_99' title='bbox 942 1018 1005 1050; x_wconf 92' lang='lat' dir='ltr'><strong>Cor</strong></span> <span class='ocrx_word' id='word_1_100' title='bbox 1030 1018 1105 1060; x_wconf 82' lang='lat' dir='ltr'><strong>ejuS‚</strong></span> <span class='ocrx_word' id='word_1_101' title='bbox 1133 1027 1213 1058; x_wconf 89' lang='lat' dir='ltr'><strong>quae</strong></span> <span class='ocrx_word' id='word_1_102' title='bbox 1236 1020 1268 1048; x_wconf 85' lang='lat' dir='ltr'><strong>te</strong></span> <span class='ocrx_word' id='word_1_103' title='bbox 1292 1019 1408 1058; x_wconf 83' lang='lat' dir='ltr'><strong>genuit.</strong></span> 
     </span>
    </p>

    <p class='ocr_par' dir='ltr' id='par_1_9' title="bbox 211 1073 1445 1255">
     <span class='ocr_line' id='line_1_18' title="bbox 211 1073 1393 1116; baseline 0 -10"><span class='ocrx_word' id='word_1_104' title='bbox 211 1077 241 1106; x_wconf 85' lang='lat'><strong>2.</strong></span> <span class='ocrx_word' id='word_1_105' title='bbox 267 1074 365 1113; x_wconf 82' lang='lat' dir='ltr'><strong>Quam</strong></span> <span class='ocrx_word' id='word_1_106' title='bbox 389 1074 457 1105; x_wconf 81' lang='lat' dir='ltr'><strong>sola</strong></span> <span class='ocrx_word' id='word_1_107' title='bbox 481 1074 571 1105; x_wconf 87' lang='lat' dir='ltr'><strong>sedet</strong></span> <span class='ocrx_word' id='word_1_108' title='bbox 596 1075 722 1106; x_wconf 87' lang='lat' dir='ltr'><strong>domina</strong></span> <span class='ocrx_word' id='word_1_109' title='bbox 886 1077 917 1108; x_wconf 88' lang='lat'><strong>4.</strong></span> <span class='ocrx_word' id='word_1_110' title='bbox 942 1073 1027 1106; x_wconf 88' lang='lat' dir='ltr'><strong>Laus</strong></span> <span class='ocrx_word' id='word_1_111' title='bbox 1052 1074 1137 1113; x_wconf 84' lang='lat' dir='ltr'><strong>patri</strong></span> <span class='ocrx_word' id='word_1_112' title='bbox 1162 1074 1204 1104; x_wconf 86' lang='lat' dir='ltr'><strong>sit</strong></span> <span class='ocrx_word' id='word_1_113' title='bbox 1228 1076 1260 1104; x_wconf 85' lang='lat' dir='ltr'><strong>et</strong></span> <span class='ocrx_word' id='word_1_114' title='bbox 1283 1074 1393 1116; x_wconf 74' lang='lat' dir='ltr'><strong>gloria,</strong></span> 
     </span>
     <span class='ocr_line' id='line_1_19' title="bbox 268 1120 1371 1162; baseline 0 -10"><span class='ocrx_word' id='word_1_115' title='bbox 268 1121 491 1159; x_wconf 79' lang='lat' dir='ltr'><strong>contemplans</strong></span> <span class='ocrx_word' id='word_1_116' title='bbox 516 1120 624 1160; x_wconf 83' lang='lat' dir='ltr'><strong>plagas</strong></span> <span class='ocrx_word' id='word_1_117' title='bbox 650 1121 758 1162; x_wconf 71' lang='lat' dir='ltr'><strong>geniti,</strong></span> <span class='ocrx_word' id='word_1_118' title='bbox 943 1120 1019 1152; x_wconf 91' lang='lat' dir='ltr'><strong>Cum</strong></span> <span class='ocrx_word' id='word_1_119' title='bbox 1043 1122 1176 1161; x_wconf 77' lang='lat' dir='ltr'><strong>mystico</strong></span> <span class='ocrx_word' id='word_1_120' title='bbox 1201 1121 1371 1160; x_wconf 84' lang='lat' dir='ltr'><strong>spiramine</strong></span> 
     </span>
     <span class='ocr_line' id='line_1_20' title="bbox 268 1167 1304 1209; baseline 0 -10"><span class='ocrx_word' id='word_1_121' title='bbox 268 1167 418 1199; x_wconf 86' lang='lat' dir='ltr'><strong>Dolorum</strong></span> <span class='ocrx_word' id='word_1_122' title='bbox 445 1176 518 1199; x_wconf 90' lang='lat' dir='ltr'><strong>ense</strong></span> <span class='ocrx_word' id='word_1_123' title='bbox 541 1167 657 1207; x_wconf 85' lang='lat' dir='ltr'><strong>saucia,</strong></span> <span class='ocrx_word' id='word_1_124' title='bbox 942 1168 1066 1209; x_wconf 85' lang='lat' dir='ltr'><strong>Illique,</strong></span> <span class='ocrx_word' id='word_1_125' title='bbox 1094 1168 1146 1207; x_wconf 83' lang='lat' dir='ltr'><strong>qui</strong></span> <span class='ocrx_word' id='word_1_126' title='bbox 1171 1168 1304 1199; x_wconf 81' lang='lat' dir='ltr'><strong>victon&#39;a</strong></span> 
     </span>
     <span class='ocr_line' id='line_1_21' title="bbox 266 1214 1445 1255; baseline 0.003 -10"><span class='ocrx_word' id='word_1_127' title='bbox 266 1214 372 1246; x_wconf 79' lang='lat' dir='ltr'><strong>Enixa</strong></span> <span class='ocrx_word' id='word_1_128' title='bbox 396 1214 496 1245; x_wconf 83' lang='lat' dir='ltr'><strong>crucis</strong></span> <span class='ocrx_word' id='word_1_129' title='bbox 518 1214 637 1253; x_wconf 81' lang='lat' dir='ltr'><strong>stipite.</strong></span> <span class='ocrx_word' id='word_1_130' title='bbox 939 1214 1061 1246; x_wconf 84' lang='lat' dir='ltr'><strong>Mundo</strong></span> <span class='ocrx_word' id='word_1_131' title='bbox 1087 1214 1262 1254; x_wconf 71' lang='lat' dir='ltr'><strong>triumphat</strong></span> <span class='ocrx_word' id='word_1_132' title='bbox 1284 1216 1445 1255; x_wconf 82' lang='lat' dir='ltr'><strong>sanguine.</strong></span> 
     </span>
    </p>
   </div>
   <div class='ocr_carea' id='block_1_8' title="bbox 284 1276 1189 1316">
    <p class='ocr_par' dir='ltr' id='par_1_10' title="bbox 284 1276 1189 1316">
     <span class='ocr_line' id='line_1_22' title="bbox 284 1276 1189 1316; baseline -0.001 -10"><span class='ocrx_word' id='word_1_133' title='bbox 284 1279 366 1306; x_wconf 79' lang='lat' dir='ltr'><strong>Brev.</strong></span> <span class='ocrx_word' id='word_1_134' title='bbox 388 1278 455 1306; x_wconf 85' lang='lat' dir='ltr'><strong>Ord.</strong></span> <span class='ocrx_word' id='word_1_135' title='bbox 476 1277 505 1305; x_wconf 78' lang='lat' dir='ltr'><strong>S.</strong></span> <span class='ocrx_word' id='word_1_136' title='bbox 525 1279 637 1306; x_wconf 73' lang='lat' dir='ltr'><strong>Mariae</strong></span> <span class='ocrx_word' id='word_1_137' title='bbox 656 1278 692 1306; x_wconf 85' lang='lat' dir='ltr'><strong>de</strong></span> <span class='ocrx_word' id='word_1_138' title='bbox 710 1279 842 1307; x_wconf 84' lang='lat' dir='ltr'><strong>Mercede</strong></span> <span class='ocrx_word' id='word_1_139' title='bbox 862 1280 930 1315; x_wconf 83' lang='lat' dir='ltr'><strong>imp.</strong></span> <span class='ocrx_word' id='word_1_140' title='bbox 950 1278 1086 1316; x_wconf 81' lang='lat' dir='ltr'><strong>Lugduni</strong></span> <span class='ocrx_word' id='word_1_141' title='bbox 1109 1276 1189 1306; x_wconf 85' lang='lat'><strong>1560.</strong></span> 
     </span>
    </p>
   </div>
   <div class='ocr_carea' id='block_1_9' title="bbox 621 1369 1089 1474">
    <p class='ocr_par' dir='ltr' id='par_1_11' title="bbox 621 1369 1089 1474">
     <span class='ocr_line' id='line_1_23' title="bbox 621 1369 1089 1401; baseline 0 -1"><span class='ocrx_word' id='word_1_142' title='bbox 621 1369 668 1400; x_wconf 77' lang='lat'><strong>54.</strong></span> <span class='ocrx_word' id='word_1_143' title='bbox 707 1369 751 1401; x_wconf 73' lang='lat' dir='ltr'><strong>De</strong></span> <span class='ocrx_word' id='word_1_144' title='bbox 770 1370 982 1401; x_wconf 71' lang='lat' dir='ltr'><strong>Transfixione</strong></span> <span class='ocrx_word' id='word_1_145' title='bbox 1001 1369 1089 1401; x_wconf 67' lang='lat' dir='ltr'><strong>BMV.</strong></span> 
     </span>
     <span class='ocr_line' id='line_1_24' title="bbox 743 1436 963 1474; baseline -0.005 -8"><span class='ocrx_word' id='word_1_146' title='bbox 743 1436 791 1466; x_wconf 81' lang='lat' dir='ltr'><strong>Ad</strong></span> <span class='ocrx_word' id='word_1_147' title='bbox 809 1437 963 1474; x_wconf 75' lang='lat' dir='ltr'><strong>Vesperas.</strong></span> 
     </span>
    </p>
   </div>
   <div class='ocr_carea' id='block_1_10' title="bbox 213 1504 1210 1820">
    <p class='ocr_par' dir='ltr' id='par_1_12' title="bbox 213 1504 1210 1820">
     <span class='ocr_line' id='line_1_25' title="bbox 213 1504 1195 1543; baseline -0.002 -5"><span class='ocrx_word' id='word_1_148' title='bbox 213 1507 243 1538; x_wconf 91' lang='lat'><strong>1.</strong></span> <span class='ocrx_word' id='word_1_149' title='bbox 268 1504 406 1543; x_wconf 84' lang='lat' dir='ltr'><strong>Virginis</strong></span> <span class='ocrx_word' id='word_1_150' title='bbox 431 1505 495 1536; x_wconf 87' lang='lat' dir='ltr'><strong>alto</strong></span> <span class='ocrx_word' id='word_1_151' title='bbox 888 1508 918 1538; x_wconf 87' lang='lat'><strong>2.</strong></span> <span class='ocrx_word' id='word_1_152' title='bbox 946 1505 1013 1537; x_wconf 87' lang='lat' dir='ltr'><strong>Tua</strong></span> <span class='ocrx_word' id='word_1_153' title='bbox 1037 1504 1195 1537; x_wconf 83' lang='lat' dir='ltr'><strong>transfixit</strong></span> 
     </span>
     <span class='ocr_line' id='line_1_26' title="bbox 269 1549 1210 1595; baseline 0.001 -12"><span class='ocrx_word' id='word_1_154' title='bbox 269 1550 377 1583; x_wconf 86' lang='lat' dir='ltr'><strong>Turba</strong></span> <span class='ocrx_word' id='word_1_155' title='bbox 399 1549 503 1583; x_wconf 85' lang='lat' dir='ltr'><strong>fidelis</strong></span> <span class='ocrx_word' id='word_1_156' title='bbox 946 1552 1075 1584; x_wconf 80' lang='lat' dir='ltr'><strong>Viscera</strong></span> <span class='ocrx_word' id='word_1_157' title='bbox 1101 1553 1210 1595; x_wconf 81' lang='lat' dir='ltr'><strong>culter,</strong></span> 
     </span>
     <span class='ocr_line' id='line_1_27' title="bbox 271 1597 1174 1631; baseline 0.001 -1"><span class='ocrx_word' id='word_1_158' title='bbox 271 1598 373 1630; x_wconf 82' lang='lat' dir='ltr'><strong>Canat</strong></span> <span class='ocrx_word' id='word_1_159' title='bbox 395 1597 526 1630; x_wconf 70' lang='lat' dir='ltr'><strong>infixum</strong></span> <span class='ocrx_word' id='word_1_160' title='bbox 946 1598 1035 1631; x_wconf 76' lang='lat' dir='ltr'><strong>Cutis</strong></span> <span class='ocrx_word' id='word_1_161' title='bbox 1058 1599 1174 1631; x_wconf 77' lang='lat' dir='ltr'><strong>incisor</strong></span> 
     </span>
     <span class='ocr_line' id='line_1_28' title="bbox 273 1644 1192 1685; baseline 0.001 -9"><span class='ocrx_word' id='word_1_162' title='bbox 273 1644 376 1676; x_wconf 88' lang='lat' dir='ltr'><strong>Corde</strong></span> <span class='ocrx_word' id='word_1_163' title='bbox 400 1645 549 1685; x_wconf 91' lang='lat' dir='ltr'><strong>dolorem,</strong></span> <span class='ocrx_word' id='word_1_164' title='bbox 945 1646 1039 1677; x_wconf 81' lang='lat' dir='ltr'><strong>Pueri</strong></span> <span class='ocrx_word' id='word_1_165' title='bbox 1065 1646 1192 1685; x_wconf 81' lang='lat' dir='ltr'><strong>Christi,</strong></span> 
     </span>
     <span class='ocr_line' id='line_1_29' title="bbox 274 1691 1200 1732; baseline 0.001 -9"><span class='ocrx_word' id='word_1_166' title='bbox 274 1692 371 1730; x_wconf 80' lang='lat' dir='ltr'><strong>Quem</strong></span> <span class='ocrx_word' id='word_1_167' title='bbox 394 1691 453 1723; x_wconf 89' lang='lat' dir='ltr'><strong>tibi</strong></span> <span class='ocrx_word' id='word_1_168' title='bbox 474 1692 568 1723; x_wconf 86' lang='lat' dir='ltr'><strong>matri</strong></span> <span class='ocrx_word' id='word_1_169' title='bbox 950 1693 1006 1732; x_wconf 81' lang='lat' dir='ltr'><strong>Qui</strong></span> <span class='ocrx_word' id='word_1_170' title='bbox 1032 1692 1092 1724; x_wconf 86' lang='lat' dir='ltr'><strong>fuit</strong></span> <span class='ocrx_word' id='word_1_171' title='bbox 1116 1694 1200 1724; x_wconf 89' lang='lat' dir='ltr'><strong>omni</strong></span> 
     </span>
     <span class='ocr_line' id='line_1_30' title="bbox 273 1738 1191 1772; baseline 0.001 -1"><span class='ocrx_word' id='word_1_172' title='bbox 273 1739 394 1771; x_wconf 78' lang='lat' dir='ltr'><strong>Pressit</strong></span> <span class='ocrx_word' id='word_1_173' title='bbox 416 1738 532 1770; x_wconf 89' lang='lat' dir='ltr'><strong>acerba</strong></span> <span class='ocrx_word' id='word_1_174' title='bbox 948 1740 1085 1772; x_wconf 83' lang='lat' dir='ltr'><strong>Crimine</strong></span> <span class='ocrx_word' id='word_1_175' title='bbox 1109 1740 1191 1772; x_wconf 88' lang='lat' dir='ltr'><strong>liber</strong></span> 
     </span>
     <span class='ocr_line' id='line_1_31' title="bbox 275 1785 1205 1820; baseline 0.001 -2"><span class='ocrx_word' id='word_1_176' title='bbox 275 1786 384 1818; x_wconf 87' lang='lat' dir='ltr'><strong>Passio</strong></span> <span class='ocrx_word' id='word_1_177' title='bbox 409 1786 485 1817; x_wconf 86' lang='lat' dir='ltr'><strong>nati.</strong></span> <span class='ocrx_word' id='word_1_178' title='bbox 947 1785 1037 1818; x_wconf 88' lang='lat' dir='ltr'><strong>Solus</strong></span> <span class='ocrx_word' id='word_1_179' title='bbox 1061 1787 1095 1818; x_wconf 90' lang='lat' dir='ltr'><strong>in</strong></span> <span class='ocrx_word' id='word_1_180' title='bbox 1119 1796 1205 1820; x_wconf 79' lang='lat' dir='ltr'><strong>aeVO.</strong></span> 
     </span>
    </p>
   </div>
   <div class='ocr_carea' id='block_1_11' title="bbox 213 1847 1509 2039">
    <p class='ocr_par' dir='ltr' id='par_1_13' title="bbox 215 1847 1507 1925">
     <span class='ocr_line' id='line_1_32' title="bbox 289 1847 1507 1889; baseline 0.002 -11"><span class='ocrx_word' id='word_1_181' title='bbox 289 1851 373 1878; x_wconf 75' lang='lat' dir='ltr'><strong>BreV.</strong></span> <span class='ocrx_word' id='word_1_182' title='bbox 405 1850 594 1878; x_wconf 81' lang='lat' dir='ltr'><strong>Valentinum</strong></span> <span class='ocrx_word' id='word_1_183' title='bbox 625 1850 693 1886; x_wconf 87' lang='lat' dir='ltr'><strong>imp.</strong></span> <span class='ocrx_word' id='word_1_184' title='bbox 726 1850 850 1885; x_wconf 83' lang='lat' dir='ltr'><strong>Neapoli</strong></span> <span class='ocrx_word' id='word_1_185' title='bbox 877 1847 957 1878; x_wconf 83' lang='lat'><strong>1489.</strong></span> <span class='ocrx_word' id='word_1_186' title='bbox 988 1852 1021 1879; x_wconf 76' lang='lat' dir='ltr'><strong>A.</strong></span> <span class='ocrx_word' id='word_1_187' title='bbox 1053 1866 1089 1871; x_wconf 84' lang='lat'>—</span> <span class='ocrx_word' id='word_1_188' title='bbox 1113 1852 1197 1879; x_wconf 79' lang='lat' dir='ltr'><strong>Brev.</strong></span> <span class='ocrx_word' id='word_1_189' title='bbox 1222 1852 1411 1881; x_wconf 72' lang='lat' dir='ltr'><strong>Valentinum</strong></span> <span class='ocrx_word' id='word_1_190' title='bbox 1438 1854 1507 1889; x_wconf 86' lang='lat' dir='ltr'><strong>imp.</strong></span> 
     </span>
     <span class='ocr_line' id='line_1_33' title="bbox 215 1886 1353 1925; baseline 0.001 -9"><span class='ocrx_word' id='word_1_191' title='bbox 215 1888 464 1924; x_wconf 80' lang='lat' dir='ltr'><strong>Caesaraugustae</strong></span> <span class='ocrx_word' id='word_1_192' title='bbox 486 1886 566 1916; x_wconf 84' lang='lat'><strong>1503.</strong></span> <span class='ocrx_word' id='word_1_193' title='bbox 586 1888 619 1915; x_wconf 92' lang='lat' dir='ltr'><strong>B.</strong></span> <span class='ocrx_word' id='word_1_194' title='bbox 639 1902 676 1907; x_wconf 84' lang='lat'><strong>—</strong></span> <span class='ocrx_word' id='word_1_195' title='bbox 696 1888 779 1916; x_wconf 74' lang='lat' dir='ltr'><strong>BrcV.</strong></span> <span class='ocrx_word' id='word_1_196' title='bbox 796 1888 984 1916; x_wconf 85' lang='lat' dir='ltr'><strong>Valentinum</strong></span> <span class='ocrx_word' id='word_1_197' title='bbox 1003 1891 1071 1925; x_wconf 88' lang='lat' dir='ltr'><strong>imp.</strong></span> <span class='ocrx_word' id='word_1_198' title='bbox 1092 1889 1248 1919; x_wconf 85' lang='lat' dir='ltr'><strong>Valentiae</strong></span> <span class='ocrx_word' id='word_1_199' title='bbox 1272 1888 1353 1919; x_wconf 86' lang='lat'><strong>1533.</strong></span> 
     </span>
    </p>

    <p class='ocr_par' dir='ltr' id='par_1_14' title="bbox 213 1926 1509 2039">
     <span class='ocr_line' id='line_1_34' title="bbox 289 1926 1509 1963; baseline 0.003 -10"><span class='ocrx_word' id='word_1_200' title='bbox 289 1927 350 1954; x_wconf 79' lang='lat' dir='ltr'><strong>Der</strong></span> <span class='ocrx_word' id='word_1_201' title='bbox 375 1926 454 1953; x_wconf 89' lang='lat' dir='ltr'><strong>volle</strong></span> <span class='ocrx_word' id='word_1_202' title='bbox 476 1926 551 1953; x_wconf 85' lang='lat' dir='ltr'><strong>Text</strong></span> <span class='ocrx_word' id='word_1_203' title='bbox 576 1926 626 1954; x_wconf 85' lang='lat' dir='ltr'><strong>des</strong></span> <span class='ocrx_word' id='word_1_204' title='bbox 652 1926 785 1961; x_wconf 86' lang='lat' dir='ltr'><strong>Hymnus</strong></span> <span class='ocrx_word' id='word_1_205' title='bbox 814 1926 891 1954; x_wconf 79' lang='lat' dir='ltr'><strong>steht</strong></span> <span class='ocrx_word' id='word_1_206' title='bbox 914 1926 1020 1955; x_wconf 74' lang='lat' dir='ltr'><strong>bereits</strong></span> <span class='ocrx_word' id='word_1_207' title='bbox 1039 1927 1181 1955; x_wconf 60' lang='lat' dir='ltr'><strong>Analecta</strong></span> <span class='ocrx_word' id='word_1_208' title='bbox 1204 1928 1276 1963; x_wconf 88' lang='lat' dir='ltr'>XII,</span> <span class='ocrx_word' id='word_1_209' title='bbox 1303 1926 1340 1956; x_wconf 82' lang='lat'><strong>64</strong></span> <span class='ocrx_word' id='word_1_210' title='bbox 1365 1937 1417 1957; x_wconf 86' lang='lat' dir='ltr'><strong>aus</strong></span> <span class='ocrx_word' id='word_1_211' title='bbox 1444 1930 1509 1957; x_wconf 63' lang='lat' dir='ltr'><strong>dom</strong></span> 
     </span>
     <span class='ocr_line' id='line_1_35' title="bbox 216 1962 1507 2004; baseline 0.002 -12"><span class='ocrx_word' id='word_1_212' title='bbox 216 1962 287 1992; x_wconf 85' lang='lat'><strong>1519</strong></span> <span class='ocrx_word' id='word_1_213' title='bbox 306 1963 471 2000; x_wconf 83' lang='lat' dir='ltr'><strong>gleiehfalls</strong></span> <span class='ocrx_word' id='word_1_214' title='bbox 490 1972 528 1991; x_wconf 81' lang='lat' dir='ltr'><strong>zu</strong></span> <span class='ocrx_word' id='word_1_215' title='bbox 540 1964 683 1992; x_wconf 81' lang='lat' dir='ltr'><strong>Valencia</strong></span> <span class='ocrx_word' id='word_1_216' title='bbox 700 1963 878 2001; x_wconf 78' lang='lat' dir='ltr'><strong>gedruekten</strong></span> <span class='ocrx_word' id='word_1_217' title='bbox 893 1965 1026 1993; x_wconf 86' lang='lat' dir='ltr'><strong>Breviere</strong></span> <span class='ocrx_word' id='word_1_218' title='bbox 1045 1965 1095 1993; x_wconf 85' lang='lat' dir='ltr'><strong>der</strong></span> <span class='ocrx_word' id='word_1_219' title='bbox 1108 1966 1291 1994; x_wconf 84' lang='lat' dir='ltr'><strong>Trinitarier.</strong></span> <span class='ocrx_word' id='word_1_220' title='bbox 1324 1967 1380 1995; x_wconf 84' lang='lat' dir='ltr'><strong>Die</strong></span> <span class='ocrx_word' id='word_1_221' title='bbox 1395 1969 1507 2004; x_wconf 73' lang='lat' dir='ltr'><strong>einzigc</strong></span> 
     </span>
     <span class='ocr_line' id='line_1_36' title="bbox 213 2000 851 2039; baseline -0.002 -9"><span class='ocrx_word' id='word_1_222' title='bbox 213 2001 412 2039; x_wconf 76' lang='lat' dir='ltr'><strong>Abweichung</strong></span> <span class='ocrx_word' id='word_1_223' title='bbox 430 2003 461 2029; x_wconf 89' lang='lat' dir='ltr'><strong>in</strong></span> <span class='ocrx_word' id='word_1_224' title='bbox 484 2000 507 2035; x_wconf 89' lang='lat'><strong>1,</strong></span> <span class='ocrx_word' id='word_1_225' title='bbox 532 2001 549 2030; x_wconf 89' lang='lat'>5</span> <span class='ocrx_word' id='word_1_226' title='bbox 570 2002 651 2029; x_wconf 87' lang='lat' dir='ltr'><strong>siehe</strong></span> <span class='ocrx_word' id='word_1_227' title='bbox 670 2002 851 2030; x_wconf 76' lang='lat' dir='ltr'><strong>vorstehsmd.</strong></span> 
     </span>
    </p>
   </div>
   <div class='ocr_carea' id='block_1_12' title="bbox 632 2093 1096 2127">
    <p class='ocr_par' dir='ltr' id='par_1_15' title="bbox 632 2093 1096 2127">
     <span class='ocr_line' id='line_1_37' title="bbox 632 2093 1096 2127; baseline 0.004 -2"><span class='ocrx_word' id='word_1_228' title='bbox 632 2093 678 2125; x_wconf 84' lang='lat'><strong>55.</strong></span> <span class='ocrx_word' id='word_1_229' title='bbox 716 2094 760 2126; x_wconf 85' lang='lat' dir='ltr'><strong>De</strong></span> <span class='ocrx_word' id='word_1_230' title='bbox 780 2094 991 2127; x_wconf 77' lang='lat' dir='ltr'><strong>Transfixione</strong></span> <span class='ocrx_word' id='word_1_231' title='bbox 1011 2094 1096 2127; x_wconf 85' lang='lat' dir='ltr'><strong>BMV.</strong></span> 
     </span>
    </p>
   </div>
   <div class='ocr_carea' id='block_1_13' title="bbox 736 2161 992 2192">
    <p class='ocr_par' dir='ltr' id='par_1_16' title="bbox 736 2161 992 2192">
     <span class='ocr_line' id='line_1_38' title="bbox 736 2161 992 2192; baseline -0.004 -1"><span class='ocrx_word' id='word_1_232' title='bbox 736 2161 783 2191; x_wconf 82' lang='lat' dir='ltr'><strong>Arl</strong></span> <span class='ocrx_word' id='word_1_233' title='bbox 803 2161 992 2192; x_wconf 80' lang='lat' dir='ltr'><strong>Nocturnum.</strong></span> 
     </span>
    </p>
   </div>
   <div class='ocr_carea' id='block_1_14' title="bbox 217 2231 1438 2417">
    <p class='ocr_par' dir='ltr' id='par_1_17' title="bbox 217 2231 1438 2417">
     <span class='ocr_line' id='line_1_39' title="bbox 217 2231 1426 2275; baseline 0.003 -11"><span class='ocrx_word' id='word_1_234' title='bbox 217 2233 247 2267; x_wconf 87' lang='lat'><strong>1.</strong></span> <span class='ocrx_word' id='word_1_235' title='bbox 275 2232 300 2265; x_wconf 96' lang='grc' dir='ltr'><strong>Ο</strong></span> <span class='ocrx_word' id='word_1_236' title='bbox 325 2231 415 2273; x_wconf 86' lang='lat' dir='ltr'><strong>virgo</strong></span> <span class='ocrx_word' id='word_1_237' title='bbox 441 2231 697 2271; x_wconf 83' lang='lat' dir='ltr'><strong>clementissima,</strong></span> <span class='ocrx_word' id='word_1_238' title='bbox 896 2234 926 2266; x_wconf 81' lang='lat'><strong>2.</strong></span> <span class='ocrx_word' id='word_1_239' title='bbox 954 2232 1030 2265; x_wconf 91' lang='lat' dir='ltr'><strong>Cum</strong></span> <span class='ocrx_word' id='word_1_240' title='bbox 1055 2234 1146 2265; x_wconf 88' lang='lat' dir='ltr'><strong>natus</strong></span> <span class='ocrx_word' id='word_1_241' title='bbox 1172 2233 1213 2266; x_wconf 87' lang='lat' dir='ltr'><strong>ad</strong></span> <span class='ocrx_word' id='word_1_242' title='bbox 1237 2234 1426 2275; x_wconf 86' lang='lat' dir='ltr'><strong>supplicium</strong></span> 
     </span>
     <span class='ocr_line' id='line_1_40' title="bbox 273 2279 1438 2327; baseline 0.003 -16"><span class='ocrx_word' id='word_1_243' title='bbox 273 2280 395 2312; x_wconf 89' lang='lat' dir='ltr'><strong>Adesto</strong></span> <span class='ocrx_word' id='word_1_244' title='bbox 418 2280 534 2312; x_wconf 83' lang='lat' dir='ltr'><strong>nostris</strong></span> <span class='ocrx_word' id='word_1_245' title='bbox 559 2279 717 2320; x_wconf 60' lang='lat' dir='ltr'><strong>precibus.</strong></span> <span class='ocrx_word' id='word_1_246' title='bbox 952 2280 1083 2313; x_wconf 82' lang='lat' dir='ltr'><strong>Crucem</strong></span> <span class='ocrx_word' id='word_1_247' title='bbox 1105 2284 1212 2320; x_wconf 86' lang='lat' dir='ltr'><strong>portat</strong></span> <span class='ocrx_word' id='word_1_248' title='bbox 1234 2283 1269 2314; x_wconf 88' lang='lat' dir='ltr'><strong>in</strong></span> <span class='ocrx_word' id='word_1_249' title='bbox 1290 2283 1438 2327; x_wconf 82' lang='lat' dir='ltr'><strong>humeris,</strong></span> 
     </span>
     <span class='ocr_line' id='line_1_41' title="bbox 276 2327 1338 2369; baseline 0.004 -11"><span class='ocrx_word' id='word_1_250' title='bbox 276 2327 388 2359; x_wconf 84' lang='lat' dir='ltr'><strong>Devoti</strong></span> <span class='ocrx_word' id='word_1_251' title='bbox 415 2328 502 2367; x_wconf 85' lang='lat' dir='ltr'><strong>cujus</strong></span> <span class='ocrx_word' id='word_1_252' title='bbox 527 2327 622 2359; x_wconf 92' lang='lat' dir='ltr'><strong>hodie</strong></span> <span class='ocrx_word' id='word_1_253' title='bbox 952 2327 1054 2360; x_wconf 88' lang='lat' dir='ltr'><strong>Moles</strong></span> <span class='ocrx_word' id='word_1_254' title='bbox 1079 2329 1163 2361; x_wconf 89' lang='lat' dir='ltr'><strong>illius</strong></span> <span class='ocrx_word' id='word_1_255' title='bbox 1187 2330 1338 2369; x_wconf 83' lang='lat' dir='ltr'><strong>ponderis</strong></span> 
     </span>
     <span class='ocr_line' id='line_1_42' title="bbox 274 2373 1377 2417; baseline 0.006 -11"><span class='ocrx_word' id='word_1_256' title='bbox 274 2373 528 2408; x_wconf 79' lang='lat' dir='ltr'><strong>Transfixionem</strong></span> <span class='ocrx_word' id='word_1_257' title='bbox 553 2375 692 2408; x_wconf 86' lang='lat' dir='ltr'><strong>colimus.</strong></span> <span class='ocrx_word' id='word_1_258' title='bbox 950 2375 1020 2408; x_wconf 85' lang='lat' dir='ltr'><strong>Tua</strong></span> <span class='ocrx_word' id='word_1_259' title='bbox 1042 2377 1159 2416; x_wconf 86' lang='lat' dir='ltr'><strong>premit</strong></span> <span class='ocrx_word' id='word_1_260' title='bbox 1180 2379 1377 2417; x_wconf 84' lang='lat' dir='ltr'><strong>praecordia.</strong></span> 
     </span>
    </p>
   </div>
  </div>
 </body>
</html>
