1651 2518
683 93 915 129 „77-

430 192 460 222 2.
491 190 607 229 Angeli
631 191 741 233 sancti,
767 198 913 232 proceres
937 189 1073 229 superni,

489 236 596 269 Seduli
621 240 652 269 et
676 238 770 278 primi
793 237 920 269 Domini
942 236 1086 277 ministri,

487 284 653 325 Principes
677 284 784 325 magni
803 285 913 325 populi
937 284 1093 323 ducesque

536 331 638 364 Valde
662 335 815 372 potentes.

431 416 461 447 3.
491 415 554 447 Vos
576 416 642 455 poli
665 426 776 456 magno
801 416 921 456 proelio
946 415 1088 455 superbis

489 463 619 501 Angelis
645 463 733 495 vietis
757 462 999 503 barathrumque
1019 462 1121 494 missis

490 510 616 542 Patriae
641 510 720 542 coeli
743 510 895 542 Dominus
916 510 1033 542 locavit

533 557 618 589 Arce
642 558 781 596 perenni,

429 643 460 676 4.
487 641 655 673 Brachium
680 644 818 673 vestrum
843 641 957 673 liberet
980 644 1137 681 regatque,

489 689 639 728 Protegat
664 690 784 720 vestros
809 688 936 720 comites
961 688 1139 728 redemptos

492 734 658 775 Sanguinis
684 735 801 768 Christi
824 736 926 775 pretio
951 735 1060 767 salutis

534 782 664 822 Semper
687 782 810 822 ubique.

430 867 460 899 5.
489 866 623 908 Christe,
649 868 684 897 tu
710 867 845 898 clemens
868 866 1015 906 precibus
1040 868 1172 908 tuorum,

493 913 575 951 Quos
601 913 804 953 celebramuS,
830 922 903 953 rege
924 922 981 945 nos
1006 916 1036 944 et
1060 922 1147 955 auge,

490 960 554 999 Quo
580 960 681 992 Deum
707 969 813 992 verum
840 961 922 992 colat
946 960 1030 992 orbis
1054 960 1153 992 omnis

535 1007 644 1039 Laude
667 1006 764 1039 fideli.

435 1093 465 1125 6.
493 1091 653 1130 Virginem
679 1094 810 1123 matrem
837 1092 1053 1131 dominamque
1077 1091 1185 1124 mundi

490 1139 596 1178 Atque
620 1139 760 1178 reginam
782 1147 929 1178 superum
952 1146 1127 1177 precamur,

491 1185 642 1217 Hostibus
667 1185 759 1217 victis
783 1194 957 1217 mereamur
978 1185 1082 1217 aulam

535 1233 671 1273 Pergere
696 1233 782 1266 coeli.

434 1319 462 1349 7.
490 1317 595 1349 Donet
619 1318 678 1349 hoe
702 1317 792 1350 nobis
815 1317 998 1356 genitorque
1021 1318 1124 1358 natus,

490 1363 627 1403 Spiritus
649 1366 775 1396 sanetus
799 1363 884 1396 Deus
909 1364 948 1396 ab
972 1366 1114 1403 utroque,
1165 1384 1168 1387 -

492 1411 541 1443 Sit
562 1412 663 1444 tribus
687 1411 797 1450 virtus,
823 1411 922 1443 honor
942 1420 1019 1442 unus
1045 1413 1138 1451 atque

539 1458 648 1490 Gloria
671 1467 803 1497 semper.

237 1532 320 1559 Brev.
341 1540 392 1559 ms.
414 1532 470 1559 FF.
485 1531 513 1559 S.
528 1532 702 1566 Hieronymi
722 1533 791 1559 anni
812 1528 893 1559 1463.
916 1531 983 1559 Cod.
996 1531 1144 1559 Matriten.
1158 1531 1184 1558 A
1205 1528 1267 1558 169.
1289 1530 1353 1558 add.
1374 1539 1448 1559 mee.

164 1567 207 1596 15.
228 1576 272 1597 ex.
289 1570 322 1597 A.
339 1583 373 1587 —
394 1569 478 1597 Brev.
499 1569 553 1597 FF.
575 1569 603 1596 S.
624 1569 796 1604 Hieronymi
817 1570 884 1605 imp.
905 1569 1040 1604 Lugduni
1063 1566 1142 1596 1547.
1156 1570 1189 1596 B.
1266 1568 1352 1597 Brev.
1366 1568 1449 1596 Tol*-

162 1609 260 1634 ‘tanum
281 1607 340 1643 imp
369 1607 504 1642 Lugduni
526 1604 606 1634 1551.
629 1606 657 1634 C.
679 1621 715 1626 —
735 1607 818 1634 Brev.
840 1607 1008 1634 conchense
1026 1607 1094 1643 imp.
1109 1606 1243 1634 Conchae
1263 1604 1344 1634 1560.
1357 1607 1394 1634 D.
1417 1621 1429 1624 —

162 1644 244 1672 Brev.
263 1644 319 1671 FF.
340 1643 368 1671 S.
382 1644 553 1679 Hieronymi
573 1645 641 1680 imp¹
662 1644 908 1680 Caesaraugustae
923 1642 1003 1672 1562.
1017 1644 1052 1672 E.
1069 1659 1107 1665 ——-
1125 1644 1170 1672 Ad
1182 1645 1357 1672 Matutinum
1371 1646 1403 1672 in
1417 1647 1448 1673 C.

617 1799 677 1832 102.
715 1800 759 1832 De
778 1802 886 1832 sancta
905 1802 1004 1832 Anna.

699 1886 747 1916 Ad
766 1886 919 1924 Vesperas.

168 1977 199 2010 1.
225 1977 324 2016 Quam
348 1976 444 2014 terra,
468 1977 593 2015 pontus,
617 1974 746 2006 aethera
838 1975 870 2007 3.
891 1975 950 2014 Qui
970 1974 1093 2007 Mariae
1117 1974 1267 2008 vocabulo

221 2023 336 2056 Colunt
360 2024 392 2053 et
414 2024 500 2054 astra
526 2024 640 2062 cetera,
897 2021 1084 2061 Oonjunctus
1108 2025 1143 2053 ut
1167 2023 1199 2054 in
1222 2024 1356 2064 surculo,

216 2070 385 2103 Excelsam
410 2078 506 2109 super
529 2069 635 2101 sidera
895 2068 958 2101 Sed
981 2070 1101 2109 primUs
1124 2078 1183 2109 pro
1208 2071 1331 2103 saeculo

216 2119 309 2150 Anna
334 2117 498 2158 praecelsa
523 2116 637 2158 genuit.
895 2116 1089 2149 Redimendo
1117 2117 1301 2157 coneipitur.

159 2207 190 2238 2.
217 2204 299 2236 Nam
324 2204 403 2235 haec
427 2202 522 2235 arbor
546 2201 710 2242 pomifera,
834 2204 866 2236 4.
894 2201 938 2234 Ut
961 2201 994 2233 in
1018 2202 1128 2235 mortis
1154 2204 1309 2243 ergastulo

215 2252 332 2284 Ramos
356 2250 499 2290 pandens
523 2252 557 2281 ut
582 2250 710 2290 hedera,
894 2249 1020 2282 Dudum
1045 2259 1195 2290 oppresso
1219 2252 1335 2292 populo

215 2299 262 2332 Ut
286 2298 371 2332 oliva
395 2296 561 2330 fructifera
892 2296 970 2329 Cum
994 2296 1124 2330 salutari
1148 2299 1261 2338 poculo

216 2348 367 2379 Fructum
393 2345 508 2378 trinum
532 2345 710 2387 progenuit.
893 2345 1073 2388 Subveniat,
1101 2345 1173 2378 dum
1197 2347 1306 2383 oritur.
