1651 2518
791 124 1022 159 —96—-

711 215 771 246 139.
810 215 852 244 De
871 214 977 244 saneto
997 212 1108 243 Blasio.

797 278 844 307 Ad
863 277 1016 314 Vesperas.

268 350 300 381 1.
325 349 409 388 Tibi,
434 349 569 388 Christe,
591 349 654 380 dux
679 351 712 378 et
736 348 842 387 (166115,
940 346 972 376 3.
996 343 1112 376 Mundi
1135 352 1217 374 vana.
1242 342 1466 374 contemnendo

374 397 460 426 certa
483 403 557 434 spes
581 394 731 431 fidelium,
1048 389 1203 429 quaesivit
1228 389 1383 429 coelestia,

322 440 442 472 Merita
466 441 742 472 commemorantes
998 436 1145 468 Animam
1169 445 1227 475 pro
1250 438 1282 468 te
1305 436 1449 475 ponendo

369 494 574 525 supernorum
601 485 714 517 civium
1047 483 1181 522 adeptus
1206 485 1254 514 est
1277 481 1400 522 gaudia,

321 531 448 564 Laudes
475 532 583 563 demus
607 532 641 562 in
666 531 726 561 hoc
751 530 832 561 festo
1000 529 1085 566 Quae
1111 529 1234 561 dilectis
1259 530 1457 569 praeparasti

371 577 470 609 Blasii
496 576 665 616 pontificis.
1045 576 1172 607 sedibus
1197 576 1354 616 angelicis.

264 635 295 665 2.
327 633 384 670 Qui
410 635 441 662 te
467 640 591 670 semper
616 641 695 671 puro
722 632 816 663 corde
941 633 973 665 4.
998 632 1094 674 Ergo,
1120 632 1253 672 Christe,
1279 632 1331 671 pie
1352 634 1451 675 pater,

370 678 501 710 vocibus
527 680 558 708 et
582 678 704 709 actibus
1048 678 1107 710 tibi
1132 682 1204 710 vota
1228 679 1397 720 fundimuS,

326 724 428 764 Super
452 726 559 755 omnia
582 725 693 756 dilexit
1003 726 1048 758 Ut
1073 726 1210 758 athletae
1233 726 1278 758 tui
1303 727 1402 758 victus

370 779 504 809 sequens
525 771 600 802 totis
625 771 756 814 viribus,
1049 773 1168 804 meritis
1192 776 1224 804 et
1246 774 1392 813 precibus

319 817 364 847 Et
388 820 421 848 tu
448 825 516 848 eum
544 817 700 850 decorasti
1001 819 1099 851 Nobis
1125 819 1231 860 dones,
1256 828 1335 859 quae
1362 820 1483 852 donasti

370 863 518 895 laudibus
543 863 728 905 magnificis.
1046 867 1177 899 testibus
1203 866 1357 900 veridicis.

657 923 688 954 5.
714 921 824 954 Gloria
847 922 890 953 sit
912 922 980 954 Deo
1004 924 1089 963 patri

762 969 922 1010 gloriaque
944 969 1057 1011 genito,

715 1015 825 1048 Gloria
850 1016 892 1048 sit
917 1017 1075 1057 coaequali

759 1063 867 1095 inclito
892 1064 1056 1103 paraclito,

712 1110 769 1143 Cui
793 1110 859 1141 laus
885 1113 932 1142 est
953 1110 986 1142 in
1010 1113 1169 1142 aeternum

759 1166 828 1188 cum
854 1157 972 1190 civibus
999 1158 1131 1191 coeliciS.

335 1219 408 1246 Brev
446 1229 496 1247 ms.
519 1220 769 1256 Calagurritanum
798 1230 872 1249 saec.
895 1219 937 1248 14.
960 1221 1027 1249 Cod.
1048 1221 1251 1249 Salmanticen.
1274 1219 1334 1248 186.
1353 1222 1387 1249 A.
1407 1236 1444 1240 —
1464 1223 1546 1250 Brev.

260 1256 516 1292 Calagurritanum
535 1261 564 1285 et
584 1259 765 1287 Calciatense
784 1260 852 1295 imp.
872 1260 1011 1287 Lucrcnii
1034 1257 1112 1287 1543.
1132 1259 1165 1287 Β.

706 1397 767 1431 140.
802 1398 845 1428 De
865 1398 968 1428 saneto
988 1396 1098 1428 Blasio.

806 1465 853 1494 Ad
872 1464 996 1494 Laudes.

257 1532 286 1564 1.
313 1531 518 1564 Exsultemus
545 1532 752 1576 concorditer,
932 1535 962 1565 4.
989 1533 1084 1565 ι1115511
1107 1533 1233 1572 tyranni
1258 1533 1388 1572 capitur,

318 1578 493 1611 Psallamus
518 1580 707 1611 unanimiter
989 1580 1041 1612 Ad
1066 1588 1156 1619 quem
1182 1588 1250 1610 cum
1274 1579 1374 1610 laetus
1400 1578 1532 1617 ducitur,

315 1627 441 1658 Laudes
467 1626 551 1658 beati
575 1627 675 1659 Blasii
989 1627 1100 1659 Multis
1125 1627 1256 1658 salutem
1280 1626 1391 1657 tribuit

319 1672 517 1714 Referentes‚
543 1682 562 1705 o
586 1674 674 1706 socii.
990 1674 1166 1713 Fidemque
1189 1673 1305 1705 Christi
1331 1673 1444 1706 docuit.

260 1732 290 1763 2.
318 1730 381 1761 Hic
404 1730 437 1761 in
462 1731 676 1763 adolescentia
935 1733 965 1763 5.
991 1732 1068 1763 Post
1091 1730 1190 1761 multa
1214 1729 1315 1762 carnis
1340 1729 1472 1761 verbera

317 1776 474 1809 Concessa
497 1778 559 1809 sibi
583 1778 685 1818 gratia
993 1776 1207 1817 Suppliciique
1230 1784 1345 1817 genera

318 1823 411 1855 Caste
435 1827 606 1863 sancteque
630 1826 738 1857 vivere
992 1826 1030 1858 111
1057 1826 1175 1857 coelum
1197 1827 1283 1856 recto
1307 1823 1434 1855 tramite

316 1869 428 1909 Coepit
451 1871 558 1902 divino
584 1880 722 1905 munere,
992 1871 1182 1904 Conscendit
1205 1879 1295 1903 caeso
1320 1870 1431 1910 capite.

256 1926 286 1957 ὃ.
313 1925 519 1957 Pontificatus
546 1927 681 1958 culmine
935 1930 965 1959 6.
993 1927 1125 1960 Athleta
1150 1930 1183 1958 tu
1205 1926 1383 1965 fortissime,

310 1972 453 2003 Functus
477 1973 509 2003 in
534 1972 596 2004 Dei
620 1975 745 2005 nomine
994 1974 1139 2011 Deposce
1163 1983 1246 2005 nunc
1269 1974 1409 2012 piissime

309 2017 434 2049 Relicta
459 2019 554 2050 turba
578 2020 692 2051 civium
992 2019 1160 2058 Christum,
1186 2023 1219 2050 ut
1244 2020 1306 2050 tuis
1330 2020 1476 2059 precibus

311 2063 453 2095 Mentem
479 2065 604 2097 colebat
627 2066 760 2100 devium.
983 2065 1070 2097 Coeli
1090 2066 1259 2104 jungamur
1284 2066 1412 2098 civibus.

649 2122 678 2154 7.
705 2122 831 2153 Summo
855 2121 923 2152 Deo
948 2120 990 2150 sit
1012 2120 1113 2160 gloria

702 2169 766 2199 Pro
791 2166 937 2206 martyris
962 2166 1103 2207 victoria,

700 2214 759 2252 Qui
782 2217 855 2252 post
880 2212 981 2244 carnis
1006 2211 1122 2245 auxilia

699 2260 770 2291 Suis
796 2260 891 2291 donat
915 2257 1070 2288 coelestia..

324 2319 404 2345 Brev.
430 2328 483 2346 ms.
506 2321 756 2356 Calagum-itanum
783 2331 856 2349 saec.
886 2319 927 2349 14.
951 2321 1018 2348 cod.
1039 2320 1242 2348 Salmanticen.
1264 2319 1326 2349 156.
1346 2324 1380 2350 A.
1402 2340 1438 2345 -—
1458 2327 1542 2354 Brev,

247 2353 497 2387 Calagurritanum
520 2361 548 2384 et
566 2359 749 2386 Caloiatense
768 2361 834 2394 imp.
855 2359 995 2386 Luerom'i
1016 2355 1095 2385 1543.
1115 2358 1149 2385 B.
1171 2373 1204 2377 —
1228 2359 1283 2387 Str.
1305 2358 1322 2386 7
1341 2361 1415 2389 fehlt
1432 2363 1466 2390 A,
