1651 2518
473 202 504 235 7,

463 486 494 518 8.

471 767 500 800 9.

451 1050 505 1082 10.

454 1332 508 1365 11.

454 1614 507 1647 12.

456 1896 508 1929 13.

451 2180 504 2213 14.

697 106 952 142 —237—

530 203 646 236 Paulus
669 202 702 234 in
728 202 805 234 orbe
830 202 920 235 dedit
942 204 1070 245 monita,

524 250 680 290 Dogmata
703 250 852 289 praeclue
872 249 1023 292 salvifica,

523 297 685 329 Mentibus
710 297 795 329 unde
819 297 904 329 salus
929 297 1035 336 rediit,

527 343 698 376 Commoda
724 347 836 376 cuneta
857 346 970 383 potens
991 343 1114 385 tribuit,

526 390 631 423 Noxia
654 400 795 431 quaeque
818 391 928 424 valens
953 391 1078 431 repulit.

519 484 692 525 Discipulis
717 485 803 517 Deus
828 487 937 517 auctor
961 486 1022 518 ait:

519 531 618 570 Quem
642 531 711 564 fore
733 541 794 574 me,
818 530 960 564 referunt
981 531 1147 564 homines?

524 579 651 619 Vosque
674 579 736 610 mei
759 580 878 619 pietate
902 588 1022 619 greges,

524 625 639 669 Dicite,
666 626 741 665 quid
766 635 862 666 super
885 626 946 658 hoe
969 627 1095 665 placeat

522 673 637 711 Quisve
662 673 702 704 de
725 674 785 705 hoo
808 674 862 713 pie
886 674 962 713 quid
985 672 1114 713 sapiat?

527 768 640 800 Petrus
662 766 787 806 abhinc,
814 767 863 799 eui
886 776 966 806 pura
987 765 1068 798 fides

526 814 657 846 Eminet
680 816 771 846 aucta
796 822 891 854 super
914 821 1072 855 proceres,

525 862 650 893 Primus
675 862 716 893 ad
741 861 821 893 haee
843 861 1040 892 venerandus
1064 861 1127 893 ait:

526 908 629 940 Filius
656 916 689 939 es
712 909 813 947 patris
838 907 968 947 ingeniti

525 954 667 987 Christus
693 957 725 986 et
747 955 857 987 unicus
881 954 951 993 ipse
975 954 1043 987 Dei.

531 1049 609 1080 Mox
633 1048 704 1089 pius
727 1052 837 1081 auctor
861 1050 901 1081 ad
927 1051 1005 1082 haec
1029 1048 1145 1081 famulo

526 1096 663 1128 Munera
691 1096 822 1128 contulit
845 1096 908 1128 ista
931 1106 1002 1129 suo:

529 1143 611 1174 Vere
637 1143 746 1174 beatus
772 1146 804 1174 et
824 1144 894 1183 ipse
916 1153 1033 1184 manes,

528 1190 626 1222 Patre
650 1189 732 1229 quod
756 1190 863 1222 indice
888 1200 963 1223 vera
987 1189 1098 1230 refers,

528 1236 586 1275 Qui
614 1236 776 1269 dominans
803 1246 899 1277 super
923 1240 1010 1270 astra
1033 1238 1130 1269 sedet.

536 1332 640 1371 Atque
664 1331 767 1363 libens
793 1331 852 1363 tibi
876 1341 960 1363 nuno
984 1331 1104 1364 refero:

532 1378 676 1418 Denique
699 1380 733 1409 tu
758 1379 870 1410 Petrus
895 1387 927 1410 es
951 1380 1074 1418 merito,

533 1425 686 1465 Hancque
709 1427 831 1464 petram
858 1434 954 1464 super
977 1427 1046 1466 ipse
1070 1434 1170 1457 meam

531 1472 683 1504 construo
706 1471 849 1504 funditus
874 1473 1048 1512 ecelesiam,

532 1519 629 1558 Quam
654 1519 723 1551 sine
745 1518 808 1551 fine
827 1520 963 1552 tenendo
988 1529 1105 1561 regam.

535 1613 670 1652 Nutibus
694 1613 823 1653 insuper
846 1621 917 1652 lpse
940 1614 1002 1645 tuis

532 1660 624 1692 Dedo
649 1660 816 1703 resolvere,
841 1669 982 1700 quaeque
1005 1660 1093 1701 vem,

535 1706 676 1739 Nexibus
701 1713 756 1738 aut
779 1708 914 1748 religare
937 1708 1009 1748 tuis,

532 1754 579 1785 Te
602 1762 724 1794 quoque
749 1755 889 1787 clavibus
913 1755 1067 1787 aethereis

535 1801 678 1842 Munero,
704 1801 773 1841 quis
799 1802 850 1834 via
872 1800 909 1833 fit
933 1801 1066 1842 superiS.

536 1895 679 1936 Denique
702 1894 814 1927 Saulus
838 1896 870 1927 in
894 1895 970 1927 orbe
995 1895 1101 1927 furens

536 1944 642 1982 Atque
664 1942 733 1981 pios
758 1943 901 1975 lacerare
925 1943 1042 1983 volens,

536 1989 600 2022 Ceu
624 1989 693 2022 fera
716 1989 822 2022 bellua
846 1998 957 2021 eruore
980 1990 1120 2030 madens,

531 2037 665 2069 Lumine
689 2037 818 2069 territus
842 2037 988 2069 aethereo

534 2084 693 2117 Sternitur
718 2084 812 2116 orbus
839 2086 871 2117 et
893 2084 963 2124 ipse
987 2086 1063 2117 solo.

532 2178 691 2211 Sternitur
714 2178 829 2217 impius
854 2180 948 2218 atque
971 2187 1098 2219 nocens,

532 2226 640 2267 Surgit
663 2225 779 2258 abhinc
802 2226 873 2266 pius
897 2229 991 2266 atque
1014 2226 1132 2269 valens,

531 2274 678 2307 Extimus
702 2273 786 2305 inter
808 2273 998 2314 apostolicos

530 2322 589 2361 Qui
613 2321 719 2354 fuerat
743 2320 897 2354 veniendo
923 2321 1043 2363 choros,

529 2368 655 2402 Primus
678 2369 753 2401 hinc
776 2368 906 2401 instruit
929 2377 997 2401 esse
1020 2369 1147 2410 probos.
