1651 2518
692 117 948 152 -171—

448 213 477 244 2.
504 212 627 245 Clarior
652 215 766 255 quanto
789 214 885 245 micat
909 214 956 246 sol
980 214 1013 246 in
1038 213 1141 253 astris,

504 260 593 292 Inter
618 262 762 293 doctores
787 265 841 292 tua
865 262 919 292 lux
943 260 1087 301 refulget,

504 307 563 345 Qui
586 308 648 339 Dei
671 308 785 348 pandis
810 308 936 340 semitas
963 311 996 340 et
1018 309 1120 340 aulam

549 354 645 395 Regis
670 355 805 395 Olympi.

448 411 478 442 3.
506 410 651 443 Summae
677 411 839 443 doctrinae
862 412 1045 451 meritisque
1066 413 1177 451 macte,

504 458 666 498 Virginem
690 460 840 498 sanctam,
865 458 987 490 miseris
1014 459 1205 499 elementem,

504 504 667 537 Laudibus
693 504 795 546 dignis
821 504 997 545 celebrasti,
1022 514 1133 545 puram

551 552 669 585 Credat
691 556 727 585 ut
750 550 845 585 orbis.

445 608 477 639 4.
504 608 696 647 Praepotens
721 607 822 640 almae
846 608 956 639 matris
980 617 1019 640 ac
1042 605 1188 640 defensor

504 654 598 694 Regis
622 655 752 692 aeterni,
779 655 938 694 sapienter
961 656 1035 686 olim

503 701 668 733 Presseras
693 711 748 734 ora
771 701 869 740 impia
890 702 1061 733 latrantum

550 748 667 780 Contra
690 748 836 781 Mariam.

447 806 477 837 5.
504 804 550 835 Te
572 803 674 836 infula
698 804 796 837 saeris
820 804 963 836 manibus
990 805 1140 837 decorans

501 851 657 891 Angelum
679 851 801 891 turmis,
827 852 937 883 animis
959 852 1059 883 beatis

502 897 661 937 Virginem
686 899 773 938 virgo
799 898 947 930 comitata
971 899 1074 938 vestit,

551 945 574 977 O
600 945 694 977 decus
719 945 816 977 alme!

445 1001 476 1033 6.
500 999 549 1031 Sit
569 1001 670 1033 honor
689 1000 775 1040 patri
798 1001 979 1040 pariterque
1003 1004 1087 1034 nato,

502 1046 635 1085 Spiritui
659 1049 767 1079 sancto
794 1047 897 1085 decus,
923 1057 1002 1079 unus
1027 1048 1120 1089 idem,

503 1093 597 1132 Cujus
622 1094 656 1125 in
680 1094 798 1126 sanetis
823 1102 1002 1125 resonemus
1028 1103 1133 1126 omnes

549 1140 695 1172 Carmina
718 1140 831 1173 laudis.

244 1204 327 1231 Brev.
346 1205 520 1231 'toletanum
545 1205 614 1240 imp.
634 1205 753 1241 Hispali
780 1202 862 1232 1493.
882 1205 916 1232 A.
941 1221 978 1224 —
998 1206 1081 1232 Brov.
1103 1203 1287 1232 Cordubense
1306 1206 1376 1241 imp.
1396 1206 1464 1234 His-

168 1241 229 1274 pali
256 1239 336 1268 1524.
356 1242 389 1269 B.
416 1255 453 1259 —
478 1242 561 1269 Brev.
583 1242 649 1269 Ord.
672 1242 701 1270 S.
721 1243 826 1270 Jacobi
852 1242 887 1269 de
906 1242 998 1278 Spata
1021 1244 1090 1278 imp.
1109 1242 1240 1277 Legione
1268 1241 1348 1271 1532.
1371 1245 1401 1272 G.
1427 1259 1465 1263 —-

171 1276 193 1312 1,
218 1276 232 1305 1
253 1279 377 1307 Domini
399 1277 427 1305 O.
450 1294 486 1299 —
505 1279 656 1307 Verfasser
675 1281 715 1307 ist
734 1280 808 1307 nach
827 1280 853 1307 A
873 1280 1039 1315 Alphonsus
1060 1280 1148 1307 Ortiz.

584 1417 651 1448 293.
690 1418 732 1449 De
755 1418 861 1449 saneto
883 1417 1045 1448 ildefonso.

708 1484 757 1514 Ad
776 1486 930 1522 vesperas.

171 1553 201 1586 1.
225 1553 290 1584 Hie
313 1555 406 1593 pater
429 1551 599 1593 confessor,
848 1554 880 1587 3.
904 1553 969 1584 Hic
991 1553 1139 1585 laudator
1163 1551 1240 1584 felix

229 1600 362 1632 Sanctus
387 1598 565 1640 illefonsus,
905 1599 1068 1632 Laudibus
1093 1599 1223 1631 honeste

231 1646 349 1678 Noster
373 1647 571 1687 intercessor,
903 1647 1056 1686 Reginam
1080 1646 1113 1678 in
1137 1647 1231 1678 caelis

227 1694 286 1733 Qui
309 1692 370 1725 fuit
396 1692 565 1725 absconsus
902 1693 1070 1735 Laudavit,
1097 1702 1176 1732 quae
1199 1692 1280 1725 feste

228 1741 394 1780 Temporis
419 1739 476 1771 sub
501 1749 589 1772 mora
902 1740 952 1772 De
975 1740 1036 1772 Dei
1061 1740 1208 1772 thesauro

227 1788 336 1820 Nobili
360 1788 504 1829 Zamora,
902 1788 1056 1820 contexta
1080 1788 1120 1819 de
1140 1796 1215 1819 auro

227 1835 290 1867 Hie
313 1834 429 1866 meruit
455 1834 549 1874 digne
903 1834 1002 1866 Istum
1029 1834 1200 1877 decoravit,

230 1881 351 1914 Canere
374 1881 528 1921 benigne:
904 1881 965 1920 Qui
989 1885 1022 1913 et
1047 1882 1226 1914 decantavit

225 1930 315 1962 Ave
338 1928 468 1961 maris
493 1929 633 1961 stella.
900 1928 962 1961 Et:
990 1929 1014 1961 O
1039 1929 1236 1969 gloriosa.

168 1988 199 2020 2.
225 1987 288 2019 Hie
313 1986 394 2019 enim
420 1986 564 2027 pudicus,
845 1987 875 2017 4.
903 1985 928 2018 Ο
954 1994 1044 2017 sacer
1068 1985 1168 2017 amice

226 2034 357 2067 Sobrius
381 2036 412 2065 et
439 2036 551 2073 castus,
902 2031 1071 2064 Genitrieis
1095 2032 1165 2072 Dei,

223 2081 346 2113 Fidelis
372 2081 499 2120 amicus,
903 2079 979 2112 Cum
1002 2080 1063 2111 hac
1087 2079 1239 2119 genitrice

221 2129 273 2161 Ab
299 2137 406 2160 amore
429 2130 539 2168 pastus
903 2126 1123 2167 Supplicantes
1150 2127 1178 2158 ei

222 2176 341 2209 Beatae
364 2176 499 2216 Mariae,
902 2175 1062 2208 conserva
1085 2173 1235 2215 benignos

225 2223 285 2262 Qui
309 2223 443 2257 Sabbati
469 2223 521 2255 die
900 2221 968 2254 Nos
991 2224 1023 2253 et
1043 2222 1089 2254 sio
1112 2220 1165 2253 fao
1186 2222 1306 2263 dignos,

221 2271 352 2303 Festum
378 2270 569 2310 celebrabat,
902 2269 990 2308 Quod
1018 2269 1111 2310 digne
1135 2269 1275 2302 vivamus

223 2319 261 2352 In
286 2328 346 2359 quo
373 2318 564 2351 decantabat
898 2316 943 2349 Et
967 2317 1060 2358 digne
1086 2317 1242 2351 dicamus:

220 2366 280 2398 Et:
299 2367 440 2406 Quem,
460 2369 597 2406 terra,
616 2367 781 2406 pontus.
897 2364 1104 2397 Memento
1129 2366 1295 2399 salutis.
