1651 2518
782 112 1014 146 —62—

691 204 735 235 73.
775 203 818 234 De
836 203 932 233 Beata
955 203 1057 234 Maria
1074 204 1108 235 V.

771 279 818 309 Ad
836 278 1025 308 Nocturnum.

262 358 292 391 1.
318 359 415 398 Virga
440 358 478 390 de
502 359 593 391 Jesse
616 358 743 397 prodiit,
930 358 960 389 4.
986 357 1030 388 Et
1053 357 1134 388 sicut
1158 358 1262 387 mente
1288 356 1451 395 praeditas

365 405 460 445 Virga
484 405 587 436 virens
612 405 737 446 tenella,
1032 403 1177 443 Virgines
1201 402 1360 444 diligebat,

320 452 404 490 Quae
428 454 494 483 tota
517 450 631 482 florens
657 451 733 482 exiit
986 449 1039 480 Sic
1062 458 1156 490 vagas
1182 451 1214 480 et,
1236 449 1404 481 indomitas

364 498 411 529 De
435 500 576 529 materna
599 497 726 538 fiscella,
1033 497 1159 527 Acriter
1183 496 1344 537 arguebat,

317 544 495 584 Purissima,
521 544 724 586 sanctissima,
985 543 1177 582 Archetypa‚
1204 543 1358 582 zelotypa,

317 589 472 629 Rorifera,
498 588 672 631 fructifera,
985 588 1142 629 Legifera,
1165 588 1312 627 justifera

366 637 481 668 Carens
506 637 589 667 omni
613 637 762 675 procella.
1032 636 1191 674 Utrasque
1217 635 1381 675 dirigebat.

262 702 291 732 2.
319 701 354 732 In
380 701 496 740 templo
522 709 588 732 cum
614 701 786 741 virginibus
930 704 959 734 5.
987 702 1070 733 Huic
1092 700 1222 741 spiritus
1247 701 1379 740 angelici

365 749 459 787 Virgo
485 749 532 778 est
556 748 698 787 educata,
1044 749 1167 780 Devote
1191 748 1389 787 assistebant,

318 794 440 825 Divinis
466 794 703 825 charismatibus
987 795 1105 826 Manna
1128 794 1249 833 saporis
1275 795 1383 825 coelici

362 841 442 872 Tota
463 840 628 880 inebriata,
1030 841 1080 873 De
1104 850 1225 872 sursum
1250 840 1430 881 afferebant,

315 887 474 927 Agillima,
504 887 687 927 humillima,
985 889 1051 927 Quo
1074 888 1196 919 viscera
1220 886 1372 919 sacrifera

314 934 513 976 Doctissima,
542 934 714 973 verissima,
989 934 1123 974 Cibario,
1150 934 1287 965 sacrario

361 980 428 1012 Deo
455 982 486 1011 et
508 981 623 1012 mundo
650 984 748 1020 grata.
1031 981 1115 1012 Mire
1139 979 1310 1014 reficiebat.

258 1046 288 1077 3.
315 1045 459 1085 Virgines
483 1046 710 1077 sacratissimas
928 1048 958 1079 6.
985 1048 1013 1077 A
1038 1055 1129 1077 mane
1153 1054 1251 1085 usque
1274 1047 1399 1077 tertiam

360 1092 456 1132 Virgo
481 1092 738 1135 amplectebatur,
1030 1092 1192 1132 Laudibus
1217 1093 1392 1133 insistebat,

313 1138 365 1169 Ad
390 1138 499 1170 laudes
524 1139 791 1178 praeclarissimas
985 1140 1059 1171 Post
1084 1140 1162 1171 haee
1184 1141 1282 1170 totam
1306 1140 1494 1172 industriam

358 1185 447 1223 Ipsas
474 1185 708 1225 exhortabatur,
1029 1186 1082 1217 Ad
1106 1194 1183 1224 opus
1209 1188 1419 1225 convertebat,

310 1230 441 1272 Deifiea,
467 1230 608 1271 pacifica,
981 1232 1033 1264 Ad
1059 1232 1182 1263 cantica
1207 1232 1362 1264 Davidiea

312 1277 520 1319 Hymnodica‚
544 1278 699 1309 melodica
982 1279 1059 1310 Post
1082 1278 1208 1309 rediens
1231 1284 1269 1309 ut.
1290 1280 1400 1310 sitiens

356 1324 456 1355 Deum
483 1325 761 1364 contemplabatur.
1029 1325 1165 1365 Tempus
1190 1325 1236 1356 sic
1261 1326 1469 1365 expendebat.

642 1392 672 1422 7.
699 1390 745 1422 Ob
769 1391 829 1422 hoc
852 1393 943 1428 pater
965 1390 1121 1429 ingenitus

745 1437 912 1469 Exaltetur
935 1440 1089 1477 potenter,

698 1484 839 1524 Ejusque
863 1484 1038 1522 unigenitus

748 1530 988 1563 Commendetur
1011 1530 1194 1569 prudenter,

700 1577 783 1609 Hinc
806 1577 936 1615 spiritus
960 1577 1130 1615 paraclitus

700 1623 858 1662 Vivifious,
882 1622 1045 1654 munificus

744 1672 912 1702 Invocetur
937 1671 1114 1702 clementer.

326 1733 393 1760 Cod.
407 1734 553 1761 Matriteu.
567 1734 620 1762 Bb.
643 1732 696 1761 150
716 1743 789 1762 saec.
813 1732 856 1761 14.
876 1750 889 1754 -
926 1734 1078 1762 Versasser
1099 1734 1193 1761 dieses
1214 1735 1302 1761 sowie
1322 1734 1371 1761 des
1386 1733 1539 1770 folgenden

249 1769 372 1804 Hymnu:
393 1772 432 1798 ist
443 1770 493 1798 der
505 1771 717 1799 Franziskaner
726 1773 784 1799 Fra
796 1772 843 1799 Gil
854 1772 888 1799 de
896 1772 1018 1799 Zamora
1025 1770 1054 1804 (J
1057 1772 1183 1799 ohannes
1193 1771 1332 1806 Aegidius
1338 1771 1537 1805 Zarnorensis)‚

249 1808 296 1833 ein
322 1808 501 1835 fruchtbarer
525 1808 745 1844 Schriftsteller,
776 1809 915 1837 Erzielier
941 1809 1082 1842 Sanchos,
1117 1808 1167 1836 des
1193 1808 1304 1836 Sohnes
1328 1809 1458 1845 Alphons
1489 1802 1537 1836 des

249 1843 376 1872 Weisen.
417 1846 472 1873 Cfr.
492 1846 676 1874 Bibliotheca
695 1848 829 1883 Hispana
846 1849 929 1874 vetus
948 1847 987 1881 Π,
1008 1845 1043 1874 71
1064 1856 1125 1883 sqq.

682 1956 729 1987 74.
767 1955 811 1986 De
830 1955 928 1986 Beata
948 1955 1048 1987 Maria
1066 1956 1103 1986 V.

796 2031 844 2060 Ad
862 2031 988 2060 Laudes.

252 2107 282 2139 1.
308 2108 421 2139 Mundi
444 2108 536 2146 hujus
563 2111 732 2148 creaturas,
922 2111 952 2140 2.
979 2108 1068 2139 Haec
1092 2110 1141 2139 est
1164 2108 1251 2148 virgo
1276 2118 1438 2153 generosa,

307 2154 383 2185 Tam
405 2157 587 2194 praesentes
612 2164 703 2194 quam
729 2155 860 2195 futuras,
978 2155 1066 2186 Haeo
1091 2156 1139 2186 est
1162 2155 1250 2194 virgo
1274 2157 1422 2195 gratiosa,

304 2201 469 2232 Manentes
495 2204 527 2231 et
549 2202 705 2240 perituras
979 2201 1068 2233 Haec
1098 2204 1145 2233 est
1168 2201 1307 2240 prudens
1333 2206 1365 2233 et
1389 2202 1534 2246 formosa,

305 2247 357 2278 Ad
380 2248 490 2279 laudes
516 2247 645 2288 virginis
669 2258 765 2288 puras
977 2248 1066 2279 Haec
1093 2250 1140 2279 est
1163 2248 1246 2279 veris
1271 2257 1406 2281 vernans
1430 2259 1512 2291 rosa,

356 2295 526 2325 invitemus
549 2296 741 2336 perenniter,
1023 2295 1181 2327 Redolens
1204 2295 1353 2335 suaviter,

353 2341 528 2373 Psallamus
554 2342 760 2377 concorditer.
1025 2341 1145 2374 Sanans
1168 2341 1353 2376 liberaliter.
