1651 2518
709 92 935 126 „fios-

454 191 486 221 2.
511 186 659 221 Perfusus
684 195 774 219 roseo
800 187 886 225 cujus
911 186 1008 218 odore

506 235 674 268 Obstrusus
699 233 815 265 sterilis
841 236 949 264 ventre
972 233 1130 265 Johannes

504 282 658 313 Exultans
682 283 805 312 teneros
830 279 935 320 gestiit
960 281 1046 310 artus

507 328 638 360 Florens
660 327 694 358 in
717 325 833 358 veteris
857 326 966 365 stipite
985 325 1075 366 legis,

454 394 485 427 3,
509 393 558 424 Tu
582 400 651 423 cum
675 391 815 431 virgineo
841 390 934 422 enixa
959 391 1071 422 decore

507 439 652 471 Praestas
678 438 835 469 aureolam
858 437 995 477 pectoris
1020 436 1095 469 almi

505 485 633 516 Lactem
659 485 831 524 suscipiens
855 484 981 516 numine
1004 492 1102 525 sacro,

509 531 557 564 Ex
579 535 613 563 te
636 531 709 563 (111111
731 531 817 562 Dens
842 533 889 562 est
914 538 1046 570 corpore
1067 532 1170 562 natus.

456 598 485 629 4.
513 597 610 635 Quem
633 604 740 635 regum
764 604 916 627 venerans
943 598 1046 627 coetus
1071 595 1192 635 adorat,

507 644 582 682 Ipso
608 643 647 674 de
669 642 791 682 superis
813 640 894 674 flore
916 640 1087 682 fragrante,

509 689 573 721 Sed
596 689 731 729 supplex
754 689 864 720 humili
886 698 1016 720 munere
1039 689 1156 728 templo

510 734 621 776 Offer52
645 736 718 767 hinc
742 736 866 768 Simeon
891 736 988 768 sentit
1011 736 1150 769 odorem.

483 826 489 832 .
515 800 656 833 Tandem
680 801 867 832 aromaticus
892 799 950 833 fios
975 801 1128 833 duodenis

509 848 547 879 In
571 848 687 887 templo
714 847 867 879 celebrem
891 855 1040 887 spargere
1064 847 1191 879 odorem

509 894 679 926 Doctorum
705 894 825 925 medius
849 894 905 925 sed
931 895 1041 933 procul
1065 895 1121 925 abs
1146 897 1187 933 te,

512 940 605 979 Cujus
630 945 705 972 tunc
727 943 894 980 penetrant
917 941 1038 972 viscera
1061 941 1180 980 spinae.

460 804 478 834 CT

460 1008 491 1040 6.
515 1007 584 1038 Lux
608 1006 686 1037 lucis
712 1007 814 1038 oriens
839 1006 989 1046 splendor
1013 1015 1160 1038 amoenae

513 1053 555 1084 Et
580 1053 625 1084 sol
647 1053 799 1093 justitiae,
825 1051 882 1084 flos
906 1053 1015 1084 matris
1040 1053 1150 1093 almae,

514 1099 612 1131 Sertis
634 1108 690 1131 nos
715 1100 812 1131 roseis
836 1100 904 1138 ipse
929 1108 1052 1141 corona,

513 1146 617 1177 Judex
642 1155 710 1177 cum
734 1146 867 1184 veneris,
892 1147 992 1186 gloria
1015 1148 1112 1185 regni.

275 1211 353 1239 offic.
374 1219 417 1238 ms
449 1218 522 1238 saec.
545 1208 585 1237 16.
610 1209 677 1236 (1011.
698 1210 803 1237 Semin.
825 1210 985 1237 Gerunden.
1007 1208 1089 1238 2309.
1103 1210 1138 1237 A.
1159 1211 1294 1238 ——Brev.
1308 1211 1484 1238 Dertusense

200 1252 268 1285 imp.
289 1249 424 1284 Lugduni
447 1246 527 1275 1547.
547 1247 579 1275 B.
599 1262 638 1267 ——
658 1245 689 1281 1,
712 1245 727 1274 1
747 1247 866 1274 mirifico
885 1247 956 1275 flore
975 1248 1009 1275 A.
1029 1262 1063 1267 —-
1087 1246 1111 1282 1,
1131 1246 1149 1274 2
1169 1247 1271 1276 Jessea
1288 1249 1373 1284 virgo
1393 1249 1425 1275 B.
1449 1264 1486 1268 —

200 1286 224 1317 ἢ,
248 1286 261 1314 1
283 1286 327 1313 Sic
350 1294 414 1313 cum
433 1286 563 1320 virgineo
583 1285 617 1312 A.
638 1300 674 1305 -
694 1284 749 1312 Str.
771 1282 790 1311 4
809 1285 868 1312 und
886 1283 904 1311 5
923 1285 1019 1312 fehlen
1033 1286 1067 1312 A.

607 1411 646 1442 71.
684 1412 719 1443 ln
738 1412 827 1443 Festo
845 1412 968 1444 Rosarii
985 1412 1071 1444 BMV.

715 1488 763 1517 Ad
781 1488 968 1518 Nocturnum.

479 1568 508 1599 1.
535 1567 675 1599 Dilectus
698 1568 826 1598 veniens
850 1568 960 1598 matris
984 1567 1026 1600 ad
1051 1568 1183 1606 hortum,

532 1614 577 1646 Ut
600 1614 758 1653 myrrham
783 1616 915 1646 meteret
937 1622 1091 1654 pomaque
1114 1614 1225 1655 patris,

532 1661 604 1692 ι101111
628 1669 773 1700 sponsam
796 1661 921 1701 vocitat,
946 1661 1139 1701 participare

534 1707 662 1748 Fructu,
689 1707 743 1747 qui
766 1708 864 1740 veteri
888 1708 1017 1740 crimine
1039 1707 1156 1747 prodit.

478 1775 508 1806 2.
536 1773 632 1812 Quam
657 1772 735 1806 felix
758 1774 891 1805 hominis
916 1774 1007 1813 culpa
1031 1773 1185 1813 redempti

536 1820 649 1859 sponsi
674 1821 831 1860 sanguinis
858 1825 889 1852 ct
912 1821 976 1852 lota
1002 1829 1122 1863 cruore,

535 1867 642 1907 Tingit
666 1877 781 1906 sponsa
805 1877 900 1907 genas
926 1866 1013 1899 fonte
1036 1867 1154 1906 livoris,

536 1913 712 1954 Disciplina
734 1912 839 1955 flagris
864 1915 962 1946 saevit
985 1914 1111 1953 iniquis.

482 1981 511 2012 3.
539 1979 563 2011 Ο
587 1978 644 2011 flos
669 1980 802 2020 angelici
826 1989 939 2020 sponse
965 1980 1098 2020 decoris,

540 2026 636 2064 Quem
661 2030 760 2058 mater
784 2027 931 2066 vepribus
957 2026 1027 2058 dira
1052 2030 1189 2067 coronat,

543 2073 609 2111 Quo
633 2076 668 2104 tn
690 2082 748 2105 nos
770 2074 927 2105 redimens
949 2071 1080 2104 floribus
1106 2073 1197 2104 almis

540 2119 594 2151 Sic
618 2120 700 2152 caesi
724 2120 836 2160 capit-is
858 2120 999 2152 membra
1022 2128 1163 2159 reparas

483 2186 515 2219 4.
541 2185 676 2217 Nostrae
700 2186 863 2225 sollicitus,
889 2185 1022 2227 Christe,
1049 2185 1160 2217 salutis

543 2233 589 2265 Ut
612 2232 699 2272 gigas
723 2241 875 2272 properas
899 2232 1024 2264 vincere
1047 2232 1142 2272 ligno,

541 2280 650 2311 Victor
674 2280 726 2320 qui
750 2278 852 2311 fuerat
876 2279 1119 2321 protoparentis,

543 2326 631 2364 Quod
655 2336 716 2358 non
741 2335 900 2369 rapueras,
925 2326 1032 2365 stipite
1055 2326 1188 2358 solvens.
