1651 2518
719 105 877 139 -231
937 124 979 130 —

469 201 523 233 30.
547 200 619 232 Non
643 200 747 232 rabies
770 200 928 232 hominum
953 200 1060 239 laniet,

550 248 662 287 Pestis,
688 248 795 279 inedia
814 256 876 279 non
901 247 1029 288 cruciet,

549 294 682 326 Nimbus
708 297 740 326 et
763 303 840 326 aura
863 303 925 326 non
951 296 1104 333 extenuet,

549 341 684 381 Perpete
708 344 839 381 protege
862 350 918 373 nos
943 340 1077 373 famulos

546 389 596 419 Ae
619 388 797 420 miserando
822 390 911 419 tuere
934 391 1014 420 tuos.

469 463 523 495 31.
551 462 670 506 Gloria,
693 464 804 503 virtus,
830 463 930 495 honor
953 466 1076 495 maneat

547 511 690 550 Ingenito
716 510 882 550 genitoque
905 509 984 549 Deo,

551 557 684 597 Spiritui
708 565 830 596 quoque
853 557 1019 597 paraclito,

548 604 607 643 Qui
629 604 714 636 Deus
740 606 843 635 exstat
868 606 899 634 et
923 604 1118 643 omnipotens

549 651 664 682 Trinus
690 654 721 681 et
744 659 823 681 unus
848 650 994 690 idemque
1017 659 1157 684 manenS.

271 715 341 742 Cod.
353 715 471 742 Arehivi
483 715 614 742 Coronae
625 715 805 751 Aragonieae
815 715 993 750 Rivipullen.
1004 713 1049 742 40.
1064 723 1137 742 sace.
1146 713 1188 742 11.
1196 730 1233 734 —-
1246 713 1272 749 2,
1285 714 1300 742 1
1311 714 1446 751 putendo.
1454 730 1490 734 —

195 754 251 779 Die
273 753 375 789 Liiuge
395 753 444 780 des
464 752 569 780 Liedes
589 752 727 788 gemahnt
745 760 784 779 an
805 752 851 779 die
871 752 1007 786 Hymnen
1027 753 1076 780 des
1096 753 1335 780 Mozarabischen
1348 753 1489 779 mamers.

195 790 237 817 Es
260 790 341 817 kann
356 790 463 824 jedoeh
483 790 583 817 diesen
602 790 732 825 mangels
748 791 826 816 eines
840 790 983 817 Beweises
997 790 1078 817 nicht
1089 790 1241 825 zugeziihlt
1254 791 1376 817 werden.
1408 789 1491 817 Naeh

193 825 242 861 27,
266 827 279 855 1
304 829 418 855 ‚sc-heint
436 827 487 855 das
507 827 582 854 Lied
600 836 661 862 vor,
683 828 730 855 bei
751 827 819 854 oder
839 828 914 854 nach
935 829 1016 854 einer
1035 828 1176 855 Mahlzeit
1193 828 1312 863 gedient
1329 836 1366 854 zu
1385 828 1489 854 haben.

193 865 266 892 Dass
292 874 322 893 es
349 874 510 902 gesungen,
535 866 682 892 beweiseu
708 866 755 892 die
776 865 921 900 Neumen,
951 866 1006 892 mit
1033 866 1125 893 denen
1150 866 1200 892 der
1225 874 1315 902 ganze
1334 866 1409 892 Text
1427 873 1490 892 ver-

193 903 282 930 sehen
303 904 350 930 ist.

626 1001 694 1033 405.
732 1002 775 1033 De
794 1002 904 1033 saneta
924 1001 1049 1033 Moniea.

737 1068 785 1097 Ad
804 1068 959 1106 Vesperas.

199 1137 230 1170 1.
256 1137 360 1169 Adest
385 1136 453 1168 dies
477 1136 627 1176 laetitiae,

253 1183 330 1215 Dies
355 1191 512 1222 supernae
536 1183 666 1223 gratiae,

253 1230 339 1268 Quae
360 1229 476 1262 finibus
502 1230 653 1261 ecelesiae

253 1276 354 1308 Laeta
377 1276 503 1308 refulsit
522 1277 628 1309 hodie.

195 1334 225 1366 2.
252 1332 343 1365 Nova
366 1333 437 1364 luce
459 1333 615 1372 tripudiat

251 1379 410 1411 Fidelium
436 1380 527 1419 plebs
550 1380 673 1418 inclita,

254 1426 374 1458 Chorus
395 1430 573 1459 sanctorum
593 1426 711 1465 jubilat

251 1474 281 1505 A
305 1477 407 1505 matre
430 1476 540 1505 saneta
563 1473 701 1505 Monica.

267 1538 352 1565 Brev.
379 1537 496 1565 Ordinis
528 1546 565 1565 ss.
590 1538 744 1565 Trinitatis
773 1538 842 1574 imp.
866 1538 1021 1565 Valentiae
1049 1536 1129 1565 1519.

193 1583 342 1611 spargens.

872 1139 903 1170 3.
931 1138 955 1169 O
980 1139 1092 1176 mater,
1117 1135 1222 1168 flendo
1247 1136 1395 1176 gradiens

929 1184 1094 1223 Luctuque
1119 1191 1269 1223 spargens
1294 1184 1424 1225 semina,

928 1230 991 1262 Sed
1017 1230 1213 1262 exsultanter
1237 1230 1365 1261 rediens

926 1277 1047 1309 Mundo
1072 1276 1177 1308 ferens
1204 1277 1404 1308 charismata.

870 1335 901 1367 4.
927 1334 1108 1374 Precamur,
1134 1336 1244 1364 saneta
1268 1333 1407 1372 Moniea,

926 1380 1023 1411 Trino
1045 1380 1113 1411 Deo
1139 1383 1171 1410 et
1194 1380 1330 1419 simplici

928 1426 1075 1458 Materna
1100 1427 1221 1466 pandas
1245 1427 1368 1458 viscera

931 1474 992 1505 Pro
1017 1482 1112 1513 grege
1135 1474 1181 1505 tui
1205 1473 1273 1506 filii.

1221 1536 1254 1572 3,
1284 1536 1302 1564 2
1327 1538 1345 1565 Ε
1352 1538 1483 1573 luctuque

630 1675 698 1706 406.
737 1676 780 1706 De
804 1676 913 1706 sancta
930 1675 1056 1707 Moniea.

195 1746 225 1778 1.
253 1745 278 1777 O
304 1744 491 1777 feminarum
516 1745 626 1785 gloria.

250 1792 373 1824 Aurelii
397 1801 564 1834 puerpera,

249 1840 384 1872 Manant
407 1840 448 1871 de
471 1840 533 1871 tuis
557 1837 683 1870 fletibus

249 1887 381 1919 Beata
404 1887 524 1919 nobis
549 1886 715 1926 gaudia.

191 1946 224 1977 2.
251 1943 390 1975 Gemrnis
414 1946 538 1975 tuorum
563 1943 714 1974 luminum

248 1991 320 2023 Non
344 1999 466 2031 gemma
490 1990 588 2030 fulget
612 1990 775 2029 pulchrior

244 2039 398 2078 Adusque
419 2038 529 2070 mundi
552 2037 702 2069 terminos

246 2087 277 2117 A
302 2086 412 2117 solis
437 2089 553 2117 ortus
579 2085 763 2117 cardine.

871 1747 901 1778 3.
927 1745 1103 1785 Pangamus
1128 1755 1200 1786 ergo
1226 1745 1427 1785 hymnodiam

927 1792 1034 1824 Laetis
1059 1791 1210 1824 refertam
1235 1793 1374 1833 vocibus,

925 1839 1124 1880 Matremque
1150 1841 1285 1872 adorans
1310 1841 1452 1873 inclitam

926 1886 1129 1919 Exsultet
1159 1887 1277 1919 orbis
1303 1889 1486 1928 gaudiis.

869 1944 900 1977 4.
926 1944 1089 1976 Adversus
1115 1944 1237 1976 hostem
1260 1944 1343 1976 filios

923 1990 976 2024 Ad
1000 1991 1095 2032 bella,
1120 1995 1230 2032 mater,
1255 1993 1400 2030 instruat,

925 2037 1098 2078 Sequamur
1123 2042 1154 2070 et
1177 2048 1233 2070 nos
1259 2038 1405 2072 feminam

927 2086 1094 2118 Fortem
1120 2086 1243 2120 virili
1267 2090 1451 2126 pectore.

585 2144 616 2175 5.
642 2142 729 2182 Jesu,
755 2140 815 2173 tibi
839 2141 882 2173 sit
905 2142 1005 2182 gloria

643 2189 793 2229 Patrique
818 2197 887 2220 eum
911 2190 1078 2231 paraclito,

644 2236 693 2268 Sis
717 2236 787 2276 ipse
810 2237 917 2276 palma
941 2239 973 2268 et
995 2238 1114 2280 laurea,

641 2283 773 2326 Deus,
800 2287 964 2316 tuorum
988 2285 1174 2317 militum.

260 2352 380 2388 Antiph.
401 2360 454 2379 ms.
474 2352 628 2388 Augustin.
649 2358 724 2378 saec.
747 2348 790 2377 16.
812 2350 880 2378 eod.
901 2351 1063 2378 Praedicat.
1084 2351 1289 2379 Salmantieen.
1311 2361 1333 2380 s.
1354 2361 1381 2381 n.
