1651 2518
565 209 610 240 79.
649 208 692 240 Ι)6
712 217 752 240 55.
774 210 878 242 Abdon
900 213 929 242 et
949 211 1075 242 Sennen.

707 277 740 307 In
763 277 923 308 Laudibus.

169 344 198 376 1.
225 344 374 376 Exsultet
396 344 481 375 claro
507 344 613 375 sidere

226 391 363 430 Fulgens
388 393 490 422 mater
513 391 655 430 ecclesia,

225 436 342 469 Abdon
368 440 400 468 et
423 437 548 469 Sennen
571 439 699 470 aethere

225 484 317 515 Nova
334 483 531 523 profundunt
555 486 679 525 gaudia.

169 552 200 584 2.
228 550 439 590 Triumphant
462 559 520 590 per
544 552 739 591 martyrium,

228 597 366 629 Vincunt
389 606 510 637 poenae
533 598 713 638 ludibrium,

226 643 376 676 Fruendo
401 653 463 676 non
489 645 669 684 despiciunt

230 690 293 722 Sed
319 690 383 722 frui
406 692 503 731 magis
530 693 670 731 cupiunt.

846 348 876 379 3.
902 346 1032 377 Flamen
1056 343 1194 377 flammet
1217 345 1412 384 praecordia,

904 393 949 425 Ut
970 393 1048 423 haec
1071 394 1138 423 tota
1162 390 1282 423 familia.

904 440 1025 471 Horum
1049 441 1226 470 sanctorum
1252 438 1373 470 cantica

903 486 1012 518 Mente
1037 488 1152 526 pangat
1177 485 1358 517 monastica.

844 554 876 586 4.
903 552 1064 585 Exaudiat
1087 560 1143 583 nos
1167 552 1307 591 miseros,

903 598 959 631 Oui
982 599 1023 630 sit
1048 599 1156 636 honor,
1181 598 1291 640 gloria,

909 646 950 685 15,
978 646 1029 685 qui
1055 649 1179 677 sanctos
1203 644 1349 677 mirificos

906 693 969 725 Sua
988 693 1134 732 provexit
1158 693 1267 732 gratia.

242 754 539 782 BreV.1ns.Vicense
553 763 627 783 saec.
642 753 714 782 141'15.
733 755 800 783 Cod.
818 756 879 792 Cap
881 758 913 783 it.
927 757 999 784 Vrec
989 765 1019 783 n
1034 757 1120 784 CVII.
1135 757 1169 784 A.
1185 772 1222 776 υ
1235 758 1319 784 B1e.v
1339 757 1462 784 1166115»

166 792 235 827 imp.
255 791 394 827 Lugduni
415 790 496 819 1557.
518 793 551 819 Β.
573 809 609 812 -
630 791 658 825 1
682 791 696 820 1
717 793 855 821 Exsultet
860 766 960 821 Pchoro
981 795 1075 822 sidere
1093 794 1127 821 A.
1149 809 1183 813 -
1207 793 1236 827 1,
1257 792 1274 822 3
1295 794 1410 822 Sennen
1431 796 1461 822 111

167 828 286 856 aethera
304 829 364 856 AB.
389 843 422 847 —
447 828 470 864 1,
492 828 511 857 4
530 814 705 866 perfundunt
723 831 782 858 AB.

617 948 664 979 80.
693 949 736 979 De
756 949 861 979 sancto
874 948 1012 980 Achatio.

661 1015 703 1043 111.
724 1014 813 1052 Vesp.
835 1018 864 1044 et
881 1014 974 1044 Laud.

166 1083 196 1115 1.
222 1082 382 1123 Hymnum
408 1091 508 1114 novae
530 1083 671 1115 laetitiae

225 1129 345 1161 Chorus
371 1133 478 1161 noster
504 1130 686 1162 solemniter

225 1177 304 1216 Regi
328 1185 429 1208 novae
453 1177 585 1208 militiae

228 1223 418 1255 Solemnizet
443 1224 652 1256 concorditer.

170 1292 200 1323 2.
227 1291 317 1322 Haec
342 1293 391 1321 est
414 1291 471 1322 illa
494 1291 616 1332 militia,

225 1337 320 1376 Cuius
347 1338 458 1369 ductor
481 1338 644 1375 Achatius‚

224 1384 344 1416 Doctus
370 1384 478 1416 mundi
504 1385 644 1424 scientia,

227 1431 353 1463 Gaudet
378 1440 446 1463 cum
474 1432 582 1463 decem
608 1432 745 1464 milibus.

166 1498 195 1530 3.
225 1496 444 1530 Sacrificantes
466 1498 562 1529 idolis

223 1544 268 1576 Et
292 1545 461 1576 bellatores
485 1545 588 1576 incliti

223 1591 315 1622 Prius
341 1595 429 1623 erant
454 1592 487 1623 in
511 1593 636 1631 populis

221 1639 356 1678 Augusti
382 1639 475 1670 valde
501 1639 628 1679 cogniti.

847 1085 879 1116 4.
907 1084 965 1116 His
989 1085 1108 1116 vocatis
1134 1086 1173 1116 ad
1198 1085 1351 1124 proelium

902 1132 978 1164 Post
1003 1130 1126 1163 felicem
1151 1133 1314 1164 victorIam

905 1178 1047 1210 Christus
1072 1179 1254 1219 redemptor
1278 1180 1412 1211 omnium

903 1225 997 1257 Suam
1024 1226 1113 1257 dedit
1135 1227 1288 1258 notitiam.

868 1316 875 1323 .
905 1291 1022 1330 Quibus
1047 1300 1203 1331 apparens
1227 1292 1354 1332 angelus

904 1339 942 1370 In
966 1339 1071 1378 magni
1094 1339 1208 1370 montis
1235 1339 1368 1370 culmine

904 1385 1007 1417 Docet
1032 1394 1083 1417 eos
1107 1388 1142 1416 ut
1165 1386 1292 1417 sedulus

903 1432 953 1464 De
977 1442 1088 1472 magno
1115 1432 1232 1465 Christi
1253 1433 1386 1465 nomine.

869 1524 875 1530 .
902 1499 998 1530 Trino
1023 1498 1091 1530 Deo
1118 1501 1149 1529 et
1172 1499 1308 1538 simplici

901 1545 997 1588 Laus,
1023 1546 1132 1585 honor,
1158 1546 1268 1585 virtus,
1294 1546 1404 1585 gloria,

899 1592 1002 1632 Hujus
1027 1593 1129 1633 gregis
1153 1591 1278 1624 mirifici

901 1640 1000 1671 Prece
1026 1640 1120 1671 ducat
1143 1640 1184 1671 ad
1210 1640 1334 1679 gaudia.

239 1703 613 1738 Brev.00mposte11anum
634 1706 703 1740 imp.
724 1705 897 1740 Ulisiponae
919 1703 1001 1732 1497.
1021 1705 1055 1732 A.
1076 1718 1112 1723 -
1132 1706 1216 1732 Brev.
1230 1704 1371 1732 Auriense
1391 1707 1458 1741 imp.

163 1740 360 1769 Salmanticae
382 1739 463 1768 1501.
484 1742 517 1769 Β.
538 1755 575 1760 —
595 1740 621 1776 2,
642 1739 659 1768 2
678 1742 778 1769 doctor
796 1743 831 1769 A.
852 1756 888 1760 -
908 1740 934 1777 2,
956 1740 974 1768 2
993 1742 1118 1769 Aeacius
1137 1742 1197 1769 AB.

602 1859 646 1891 81.
685 1860 729 1891 De
749 1860 855 1891 sancto
876 1859 1015 1891 Achatio.

682 1927 730 1957 Ad
748 1927 936 1957 Nocturnum.

163 1999 192 2030 1.
219 1997 325 2029 Adest
350 1997 417 2029 dies
440 1996 589 2036 laetitiae,

219 2046 286 2085 Quo
311 2044 421 2076 beatus
446 2044 598 2076 Achatius

221 2092 363 2132 Regnum
390 2092 533 2123 coelestis
559 2092 664 2123 curiae

220 2139 291 2172 Suis
315 2139 414 2171 intrat
437 2139 609 2173 sodalibus.

158 2208 190 2239 2.
216 2205 311 2238 Unde
334 2207 436 2238 mater
460 2206 593 2237 ecclesia

216 2253 344 2285 Laudes
371 2254 537 2292 depromat
561 2256 744 2294 martyrum,

217 2301 311 2333 Nova
334 2300 449 2333 festum
473 2301 596 2333 laetitia

217 2348 406 2383 Sanctorum
432 2349 540 2381 decem
564 2348 693 2380 milium.

216 2408 236 2430 D
248 2413 346 2435 toves,
361 2407 496 2435 Hymnodia
509 2407 628 2430 Hiberica.

841 1998 872 2030 3.
900 1997 961 2036 Qui
985 1999 1057 2036 post
1081 1997 1199 2030 Christi
1223 1998 1365 2030 notitiam

896 2044 1012 2077 Datam
1037 2045 1080 2076 eis
1105 2045 1143 2076 ab
1169 2046 1287 2085 angelis

898 2092 1138 2124 Tormentorum
1163 2093 1326 2125 saevitiam

898 2139 1013 2171 Exosis
1036 2140 1166 2172 vincunt
1188 2140 1292 2172 idolis.

838 2206 870 2239 4.
896 2206 993 2237 Acuti
1020 2206 1101 2238 clavi
1125 2206 1258 2246 pedibus

895 2253 1061 2285 Tolluntur
1086 2254 1125 2286 ab
1149 2254 1272 2297 itinere,

898 2300 1111 2333 Verberantur
1133 2302 1292 2342 lapidibus

895 2348 1061 2381 Mittentes
1085 2349 1146 2381 Dei
1170 2359 1307 2383 munero.

1270 2404 1287 2433 5
