1651 2518
726 101 976 135 —193—

202 191 233 223 3.
261 190 352 223 Illius
378 201 447 224 nam
475 195 626 227 solemnia
880 198 910 228 6.
936 195 1049 227 Mundi
1074 204 1134 226 non
1157 195 1268 233 Juiicta
1295 194 1439 234 principe

260 237 464 271 celebramus
486 240 647 280 divinitus,
937 241 1024 274 Coeli
1046 241 1190 272 laudavit
1215 240 1388 279 dominum,

262 285 314 316 Ad
339 289 516 318 nostrorum
542 288 684 319 subsidia
935 288 988 320 Illi
1013 296 1068 319 nos
1090 287 1179 327 J'ungi
1201 287 1364 326 praecipe,

261 331 380 373 Veni,
407 342 478 364 cra
491 338 558 365 tor
582 334 782 374 spiritus.
932 335 1052 374 „Iesu>
1087 341 1242 365 corona
1266 333 1496 373 virginum.

200 388 232 420 4.
259 387 321 419 Pro
347 387 471 420 Christo
496 391 585 421 trusa
609 397 736 421 carcere
876 393 905 423 7,
933 390 957 422 O
983 389 1169 429 Katharina,
1196 389 1329 431 penitus¹

257 434 397 466 Thorum
422 435 567 474 despexit
590 437 719 478 regium,
930 436 999 467 Deo
1023 444 1133 475 preces
1158 436 1311 475 accelera,

257 480 349 512 Hane
372 481 554 513 sublimavit
577 482 706 514 aethere
930 482 1029 514 Nobis
1054 486 1090 513 ut.
1116 482 1230 514 dentur
1257 482 1386 514 coelitus

255 527 403 559 Rerum
435 530 604 560 creator
628 529 811 561 emnium.
931 528 1489 561 AeternaGhristimunera.

199 585 229 617 5.
256 584 318 615 Pro
343 583 464 624 virgine
489 583 701 624 multiplicant
871 587 902 619 8.
929 585 1026 624 Quem
1052 585 1296 617 contremiscunt
1322 586 1355 617 in
1368 584 1446 622 fera,

255 630 422 663 Seholares
445 631 574 663 laudum
598 640 729 664 munera
930 632 1006 664 Cum
1030 631 1106 672 filio,
1133 641 1202 664 cum
1227 631 1353 664 flamine

256 677 391 710 Goelesti
416 678 494 720 regi,
517 678 704 718 praedicant
930 679 1087 719 Regnanti
1112 688 1208 720 super
1228 680 1359 712 aethera

255 725 396 766 Quem,
452 727 589 766 terra,
638 729 811 766 pontus,
930 726 1079 759 Gloria
1104 726 1205 769 tibi,
1231 727 1414 761 Domine.

589 773 775 806 aethela.

197 874 223 909 7
247 838 427 903 ΙΒΟιἫθὲΜῐΙιῦιε.
449 838 662 866 Bareinonense
681 846 755 866 saec.
779 837 822 866 15.
838 838 906 866 Cod.
927 840 1007 866 Ar-eh
1023 839 1164 875 Ari-agon.
1179 839 1356 873 Rivipullen.
1380 837 1440 866 145.
1455 854 1494 860 —-

336 884 352 902 e

611 965 678 997 332.
716 966 759 998 De
779 967 883 998 saneto
903 966 1078 1004 Laurentio.

689 1032 736 1061 Ad
755 1033 843 1070 Vesp.
865 1036 893 1063 et
912 1033 997 1063 Noot.

202 1102 233 1134 1.
260 1100 324 1132 Hie
350 1100 416 1132 dies
441 1100 631 1133 venerabilis
875 1103 906 1135 3.
932 1102 1066 1133 Assatus
1089 1102 1123 1132 in
1150 1101 1301 1133 eraticula

259 1147 371 1180 Illuxit
393 1147 509 1179 mundo
536 1147 678 1188 celebris,
932 1148 1029 1180 Ridet
1052 1148 1133 1188 ignis
1159 1148 1314 1187 incendia,

260 1195 298 1227 In
325 1203 384 1235 quo
409 1195 510 1227 vietor
532 1194 723 1226 Laurentius
931 1196 1086 1234 Mensque
1110 1195 1276 1234 conjuncta
1300 1193 1434 1226 Domino

258 1242 384 1274 Coelum
413 1242 596 1274 conscendit
620 1241 815 1281 splendidus.
934 1242 1030 1274 Nulla
1059 1241 1155 1273 sentit
1177 1241 1328 1281 pericula.

201 1300 232 1331 2.
261 1298 392 1338 Cardos,
418 1297 607 1339 plumbatos,
634 1298 775 1339 verbera,
875 1300 906 1332 4.
932 1298 994 1330 Sed
1019 1298 1089 1336 hoc,
1118 1297 1211 1329 decus
1235 1305 1491 1337 praemaxnnum‚

257 1345 400 1377 Tortoris
427 1344 496 1377 dira
521 1345 651 1377 brachia
933 1345 1094 1386 Laurenti,
1118 1345 1204 1376 sidu:·
1230 1352 1367 1385 aureum,

255 1391 369 1424 Levita
393 1392 492 1424 vincit
515 1391 631 1424 nobilis
935 1391 1020 1424 Coeli
1047 1394 1212 1431 terraeque
1234 1391 1404 1423 Dominum

256 1439 381 1471 Virtute
408 1439 472 1471 divi
495 1439 630 1472 luminis,
932 1439 981 1470 Tu
1005 1438 1095 1470 nobis
1120 1439 1219 1471 redde
1242 1438 1411 1478 placidum.

583 1498 613 1529 5.
641 1494 802 1527 Laudetur
827 1495 963 1527 clemens
988 1495 1091 1526 unitas

638 1542 681 1573 Et
706 1551 781 1574 vera
806 1542 865 1574 Dei
891 1542 1026 1584 trinitas,

640 1589 726 1629 Quae
751 1589 806 1621 dat
829 1589 907 1621 haee
931 1588 1046 1621 mundo
1072 1588 1188 1629 gaudia

638 1636 699 1667 Per
723 1636 872 1676 martyris
895 1636 1056 1668 solemnia.

270 1702 355 1729 B1·.ev
375 1710 428 1728 ms.
450 1700 479 1728 S.
500 1700 644 1729 Johannis
664 1701 699 1728 tle
718 1701 801 1728 Finis
822 1709 896 1728 saec.
921 1698 963 1728 13.
985 1700 1053 1729 Cod.
1075 1700 1156 1728 Seori
1159 1700 1232 1728 alen.
1247 1700 1334 1727 PIII.
1358 1698 1401 1727 14.
1423 1700 1489 1728 adt]

194 1748 269 1767 saee-
298 1737 342 1767 15.
367 1738 400 1765 A.
421 1754 458 1759 -ff
478 1739 711 1766 B1·ev.Oscense
731 1740 760 1765 et
777 1738 918 1766 Jaeeense
937 1739 1005 1774 imp.
1026 1738 1199 1774 Caesaiaug.
1222 1736 1294 1765 1505
1323 1738 1408 1765 13.-
1427 1735 1491 1772 5,1

190 1776 351 1805 Plaudatur
370 1777 495 1805 clemens
516 1777 548 1804 A.

602 1878 669 1910 333.
708 1879 751 1910 De
776 1879 881 1909 sancto
901 1876 1078 1909 Laurentio.

747 1946 793 1975 Ad
813 1945 940 1976 Laudes.

191 2017 220 2051 1.
247 2016 394 2049 Exsultet
419 2024 503 2048 nune
526 2015 692 2057 Hispania,
872 2017 903 2049 3.
928 2015 1054 2054 Martyr
1078 2014 1139 2047 Dei
1163 2014 1352 2047 Laurentius

249 2063 371 2098 ,Jubilet
396 2064 497 2095 Roma
521 2064 657 2095 modulis
929 2063 1014 2095 Mira
1040 2062 1158 2094 Christi
1183 2063 1326 2102 potentia

249 2111 313 2144 Pro
338 2111 455 2143 levitae
480 2111 622 2152 victoria,
928 2109 1070 2142 Fervore
1094 2110 1197 2141 saneti
1221 2110 1351 2149 spiritus

248 2158 307 2197 Qui
331 2162 443 2199 regnat
467 2167 535 2190 cum
563 2158 730 2192 coelicolis.
929 2157 1015 2197 Ignis
1041 2157 1118 2188 vicit
1141 2156 1298 2191 incendia,

189 2218 220 2251 2.
249 2216 458 2256 Dispensator
483 2216 635 2248 ecclesiae
870 2216 901 2246 4.
930 2213 1093 2246 Gloriosus
1117 2213 1150 2244 in
1175 2213 1296 2252 proelio

246 2263 425 2296 Thesauros
453 2263 508 2295 dat
532 2262 735 2303 pauperibus,
930 2261 1081 2293 Terrores
1106 2260 1229 2300 spernit
1253 2259 1378 2292 fortiter

246 2310 417 2350 Baptizans
444 2309 531 2342 fonte
554 2311 676 2351 gratiae
926 2308 1100 2341 Exsultans
1124 2308 1157 2338 in
1182 2308 1335 2350 martyrio

250 2357 378 2392 Goelum
402 2360 525 2390 reserat
549 2358 707 2397 gentibus.
928 2356 1050 2388 Poenas
1077 2355 1174 2387 currit
1200 2355 1357 2390 alacriter.

244 2418 265 2440 D
274 2423 371 2442 reves.
386 2415 520 2444 Hymnodia
534 2415 652 2439 Hiberica.
1295 2409 1328 2439 13
