1651 2518
686 98 941 134 —137—

173 194 205 227 3.
230 193 376 234 Apparet
397 195 481 226 totus
505 193 644 235 fulgidus
847 197 879 228 4.
908 195 960 226 Ad
986 195 1073 233 cujus
1096 192 1227 225 verbum
1253 191 1398 223 dubitans

231 240 309 273 Cum
333 241 486 281 virginem
510 242 692 282 alloquitur,
909 241 1001 281 Virgo
1026 240 1178 280 stupescit
1200 238 1324 279 florida,

230 288 309 330 Ave,
335 288 465 328 loquens
489 288 678 329 impavidus,
905 288 973 321 Viri
997 288 1172 328 amplexum
1197 287 1349 328 devitans,

232 334 324 367 Jesus
350 344 422 367 nam
448 344 485 367 ex
510 338 541 367 te
566 337 675 369 oritur.
904 336 988 368 Rore
1014 335 1091 367 coeli
1114 333 1151 367 fit
1174 334 1314 375 gravida.

568 394 598 425 5.
624 392 686 424 Per
710 395 751 432 te,
778 401 795 424 0
819 390 941 433 fulgens
968 391 1104 431 Gabriel,

625 439 727 471 Nobis
745 441 923 479 praestetur
945 439 1047 478 venia,

625 486 669 518 Et
692 486 830 517 Michael
854 494 892 518 ac
915 486 1057 525 Raphael

625 532 749 564 Ducant
772 533 803 565 in
831 533 909 565 coeli
934 532 1042 573 gloria.

249 597 338 625 Psalt.
360 606 411 624 ms.
435 597 577 625 Oculense
596 605 670 625 saec.
693 595 735 624 14.
758 596 825 625 Cod.
844 597 964 625 Archivi
983 597 1048 625 Nat.
1069 597 1213 624 Matriten.
1236 596 1258 623 Β
1278 593 1349 623 3-4.

597 688 662 719 222.
701 688 745 720 De
764 689 868 720 saneto
889 687 1044 720 Gabriele.

689 755 736 784 Atl
755 755 943 785 Nocturnum.

178 824 209 856 1.
234 824 315 856 Dum
342 826 412 855 orat
438 824 525 864 virgo
550 823 678 864 fervide.
853 826 882 858 3.
909 824 1077 863 Quomodo,
1103 825 1211 863 inquit,
1237 824 1353 865 angele,

234 870 363 902 Gabriel
388 871 417 901 ei
440 871 585 910 mittitur,
910 871 997 909 Quod
1023 870 1110 909 faris,
1137 873 1240 909 potest
1262 869 1342 912 fieri,

234 917 332 956 Quam
356 917 504 949 salutavit
528 917 670 957 provido,
912 917 986 950 Cum
1011 919 1122 949 molem
1146 918 1237 957 lacte,
1263 917 1370 949 labore

234 964 375 996 Christus
401 973 439 995 ox
465 973 501 995 ea
525 964 673 997 nascitur.
909 965 1145 997 Pei-horrescam
1171 964 1296 996 intueri.

176 1022 208 1053 2.
233 1020 355 1053 Blande
380 1020 493 1052 affatur
517 1022 647 1062 virgini:
853 1024 883 1054 4.
911 1020 1055 1063 Spiritus,
1083 1030 1142 1060 quo
1168 1021 1379 1061 circumdaris,

233 1067 399 1106 Concipies
424 1071 454 1098 et
479 1068 584 1106 paries
909 1068 955 1099 Te
978 1067 1178 1100 obumbrabit
1202 1068 1343 1104 dulciter,

232 1114 332 1146 Deum
361 1115 559 1153 conjunctum
584 1115 711 1155 homini,
907 1115 1012 1147 Mater
1036 1115 1096 1146 Dei
1122 1114 1266 1157 efficeris,

234 1161 278 1193 Ut
303 1161 368 1200 eJus
391 1164 491 1192 mater
516 1160 617 1193 fieres.
908 1161 973 1200 Quo
998 1162 1143 1201 regnabis
1169 1162 1356 1202 perenniter.

569 1219 599 1251 5.
626 1216 672 1249 Te
695 1218 870 1257 laudantes,
897 1226 914 1249 0
933 1217 1072 1257 Gabriel,

625 1263 775 1296 Consorta
797 1273 880 1296 nuno
901 1265 1062 1303 solamine,

624 1311 766 1343 Duloedo
790 1314 845 1343 tua
868 1320 963 1350 super
984 1312 1047 1343 mel

622 1358 658 1390 In
684 1358 863 1398 angelorum
889 1360 1021 1398 agmine.

248 1423 338 1451 Psalt.
368 1430 420 1450 ms.
447 1421 588 1450 Oculense
618 1430 691 1449 saec.
723 1420 765 1450 14.
798 1420 865 1450 cod.
891 1422 976 1450 Arch.
1001 1422 1066 1450 Nat.
1092 1423 1236 1451 Matriten.
1263 1424 1286 1451 B
1314 1422 1395 1451 3-4.
1420 1440 1456 1445 —

172 1461 198 1494 3,
221 1458 239 1487 3
259 1459 372 1488 scheint
388 1460 558 1488 verdorben.
578 1474 614 1479 —
634 1457 660 1491 4,
682 1458 699 1486 2
720 1460 911 1488 obumbravit.
927 1474 964 1480 ——-
983 1459 1009 1494 4,
1039 1458 1048 1483 ἶ
1067 1461 1107 1488 Et
1125 1464 1216 1502 rnater
1235 1462 1298 1489 Dei.

583 1551 648 1582 223.
692 1552 735 1582 De
756 1552 862 1582 saneto
883 1550 1035 1583 Gabriele.

725 1619 773 1648 Atl
796 1619 920 1649 Laudes.

177 1688 208 1720 1.
234 1687 272 1719 In
295 1687 423 1718 coelesti
446 1686 565 1718 rosario
853 1689 885 1721 3.
909 1687 1106 1727 Helisabeth‚
1132 1698 1212 1729 quae
1234 1692 1349 1723 sterilis

235 1733 364 1766 Gabriel
386 1743 466 1765 unus
491 1734 621 1773 sistitur,
911 1734 1030 1768 Fructu
1054 1736 1179 1775 privata
1202 1738 1348 1778 noscitur,

234 1781 268 1813 In
296 1781 425 1821 virginis
450 1781 589 1813 sacrario
908 1783 1001 1814 Nunc
1024 1782 1165 1815 abundat
1188 1788 1218 1816 et
1241 1784 1352 1817 fertilis

233 1828 340 1860 Fortis
365 1827 486 1860 athleta
511 1827 657 1862 cernitur.
908 1829 1042 1862 Fructus
1069 1839 1106 1862 ex
1131 1840 1168 1863 ea
1191 1834 1335 1865 nascitur.

174 1887 206 1918 2.
236 1885 313 1918 Cum
338 1894 396 1917 ave
420 1884 507 1917 fatur
530 1885 654 1926 virgini,
850 1887 881 1920 4.
907 1886 1000 1929 Ecce,
1026 1888 1197 1927 respondet
1220 1890 1338 1931 angelo,

231 1934 362 1966 Modum
389 1936 462 1964 tuno
489 1933 518 1964 ei
541 1933 671 1973 indicat,
906 1934 1033 1966 Ancilla
1055 1944 1123 1966 sum
1147 1935 1301 1977 altissimi,

231 1981 311 2021 Quia
335 1989 426 2014 verus
449 1980 624 2012 dulcedinis
908 1980 981 2013 Fiat
1005 1985 1089 2014 motu
1114 1986 1176 2015 tam
1200 1993 1348 2026 prospero

232 2028 302 2061 Hoc
325 2030 556 2061 sacramentum
580 2027 726 2068 explicat.
911 2027 1045 2061 Fructus
1072 2030 1159 2062 verbi
1185 2032 1362 2067 dulcissimi.

541 2087 570 2118 5.
598 2085 660 2117 Per
684 2087 725 2124 te,
752 2094 770 2117 o
794 2088 903 2117 sancte
928 2085 1066 2127 Gabriel,

596 2132 801 2173 Congaudeat
824 2133 966 2174 ecelesia,

596 2181 681 2220 Quae
706 2181 896 2213 conlaudans
920 2180 1085 2222 Emanuel,

594 2227 669 2268 Fae,
696 2236 752 2260 nos
779 2228 874 2261 ducat
895 2228 928 2260 in
952 2228 1062 2269 gloria.

245 2293 336 2321 Psalt.
365 2303 416 2322 ms.
446 2294 588 2322 Oculense
612 2302 686 2322 saec.
714 2291 757 2322 14.
789 2293 857 2321 Cod.
882 2293 968 2321 Areh.
995 2294 1061 2322 Nat.
1086 2295 1230 2325 Mati-iton.
1257 2299 1280 2326 Β
1306 2297 1400 2330 3-4,
1423 2319 1460 2324 —

173 2329 198 2365 1,
219 2328 237 2360 3
257 2332 379 2368 virg-inis
400 2334 525 2368 erg'tinzt.
546 2347 583 2351 ——
602 2330 668 2378 2.².3
689 2332 878 2360 dulcedinem.
899 2347 937 2353 ——
955 2330 981 2367 3,
1003 2331 1018 2359 1
1040 2335 1110 2369 quia
1129 2335 1244 2364 sterilis.
1264 2351 1301 2357 —-
1320 2338 1345 2374 3,
1366 2338 1384 2367 2
1403 2344 1459 2378 pri-

169 2372 248 2397 vato.
269 2385 305 2390 -
324 2367 350 2406 3,
371 2368 388 2398 3
408 2371 537 2399 abundat
555 2371 672 2399 sterihs.
