1651 2518
778 111 1031 147 —157—

256 210 536 241 3.A1·ment0rum
563 209 754 241 silvestrium

314 256 473 296 Quadriga
500 264 610 295 campo
636 256 758 288 sistitur

313 303 443 342 Absque
465 303 591 342 ducatu,
619 303 764 334 conditur

313 349 402 382 Tunc
424 349 567 381 manibus
593 349 765 381 humilium.

935 211 965 242 4.
991 205 1154 246 Lupparia
1178 206 1371 237 convertitur

991 254 1066 286 Viso
1090 255 1177 283 tanto
1203 252 1354 283 miraculo

989 300 1034 332 Et
1058 299 1217 331 caecitatis
1242 298 1368 329 vinculo

993 346 1102 378 Soluta
1124 346 1187 377 luci
1209 346 1356 377 traditur.

651 418 682 449 5.
708 416 779 448 Lux
805 420 836 447 et
862 415 956 446 decus
980 413 1162 453 Hispaniae.

331 481 414 508 Brev.
434 490 486 508 ms.
507 481 680 509 Zamorense
699 488 773 508 saec.
797 479 839 508 15.
859 480 927 507 Cod.
943 479 1037 514 Capit.
1048 479 1195 505 Zamoren.
1217 485 1239 505 S.
1261 486 1288 504 n.
1308 491 1345 496 ——
1369 475 1393 509 1,
1418 475 1431 503 1
1449 476 1552 504 Lauda

253 518 332 545 felix.
353 533 391 538 —-
409 516 436 552 2,
456 517 474 547 3
493 518 576 546 velut
593 520 708 554 legitur.

694 645 757 678 266.
796 646 840 677 De
862 646 968 677 sancto
985 644 1108 676 Jacobo.

259 782 285 813 1.
313 781 433 821 Gaude,
459 783 560 813 mater
585 781 726 824 ecclesia,

313 829 408 861 Tanti
433 828 534 868 patris
559 829 747 867 praeconiis,

313 875 410 908 Absit
433 876 501 915 ejus
525 874 684 907 solemniis

314 921 420 955 Omnis
447 922 551 954 cordis
575 922 742 956 moestitia.

257 1009 286 1039 2.
315 1007 442 1040 Cunctis
467 1007 546 1038 mari
570 1007 769 1038 cernentibus

313 1054 414 1086 Natus
438 1054 522 1094 regis
547 1054 768 1094 submergitur,

314 1101 378 1133 Sed
402 1110 421 1132 a
445 1099 603 1141 profundo
630 1101 754 1133 ducitur

315 1148 414 1180 Totus
439 1148 550 1188 plenus
577 1147 781 1182 conchilibuS.

259 1233 290 1266 3.
315 1233 380 1265 Diu
405 1233 524 1264 celatur
549 1232 681 1273 fabrica,

319 1279 381 1312 Sed
407 1280 519 1312 stellae
544 1281 647 1312 clarae
671 1281 750 1313 visio

316 1326 376 1359 Suo
401 1327 535 1366 praebet
557 1327 675 1359 indicio

318 1373 397 1413 EjUs
423 1374 512 1414 signa
536 1374 686 1408 veridica.

805 713 853 742 Ad
868 712 994 742 Laudes.

932 783 963 814 4.
992 781 1054 812 Hic
1081 781 1122 813 ad
1143 779 1433 820 secretusumitur,

991 827 1067 860 Cum
1093 826 1129 860 fit
1153 826 1393 867 transfiguratio,

989 874 1141 918 Johanne,
1167 876 1263 907 Petro
1287 873 1383 912 socio,

991 922 1067 955 Cum
1093 923 1187 954 aedes
1213 922 1329 960 triplex
1351 921 1479 959 petitur.

956 1033 965 1039 .
990 1007 1020 1038 A
1047 1007 1167 1039 cunctis
1193 1006 1278 1038 orbis
1302 1005 1447 1046 partibus

992 1054 1054 1085 Hic
1078 1053 1235 1086 Zebedaei
1260 1052 1343 1085 filius

989 1102 1146 1134 Visitatur
1169 1100 1311 1134 devotius

991 1148 1036 1180 Et
1060 1149 1142 1180 dona
1168 1148 1223 1179 dat
1246 1146 1436 1186 petentibus,

964 1259 968 1265 .
994 1233 1089 1265 Hunc
1115 1233 1319 1272 deprecemur
1344 1232 1515 1271 supplices,

993 1281 1039 1313 Ut
1058 1290 1078 1312 a
1101 1280 1211 1312 mundi
1236 1279 1419 1311 criminibus

993 1327 1107 1359 Mundi
1134 1336 1203 1358 cum
1228 1327 1345 1358 sanctis
1369 1326 1512 1357 omnibus

994 1374 1171 1414 Regnemus
1196 1382 1321 1413 semper
1345 1371 1463 1407 felices.

653 1441 682 1472 7.
709 1440 780 1471 Lux
804 1442 836 1471 et
861 1440 955 1471 decus
976 1440 1159 1480 Hispaniae.

332 1504 416 1532 BreV.
438 1513 489 1532 ms.
509 1504 683 1533 Zamorense
702 1512 776 1533 saec.
800 1503 842 1532 15.
861 1504 929 1532 Cod.
950 1506 1042 1540 Capit.
1061 1506 1210 1533 Zamoren.
1237 1526 1253 1532 ,.
1274 1513 1302 1531 n.

699 1633 761 1664 267.
801 1633 844 1664 De
863 1634 968 1664 sancto
991 1633 1112 1665 Jacobo.

795 1700 841 1729 Ad
861 1700 1015 1738 Vesperas.

261 1768 291 1801 1.
317 1768 462 1807 Hymnus
490 1777 622 1800 canorus
647 1771 796 1807 personet

316 1816 347 1847 A
372 1815 519 1847 cordibus
545 1814 693 1855 fidelium,

318 1862 474 1902 Orbisque
498 1865 582 1894 totus
604 1862 721 1902 jubilet

317 1910 363 1943 Ob
388 1910 502 1943 Jacobi
524 1910 721 1951 martyrium.

257 1998 288 2029 2.
314 1995 444 2028 Electus
470 1996 521 2027 hic
545 1995 716 2038 apostolus,

315 2043 457 2075 Decorus
483 2046 515 2075 et
538 2042 692 2083 amabilis,

318 2091 412 2123 Velut
433 2090 533 2123 leonis
560 2090 680 2122 catulus

316 2137 402 2170 Vicit
425 2138 510 2171 bella
535 2137 723 2173 certaminis.

262 2226 293 2258 3.
320 2223 421 2256 Natus
446 2223 546 2265 regali
570 2224 720 2265 germine,

317 2270 491 2303 Bellicosus
519 2274 550 2303 et
573 2271 712 2313 inclitus,

314 2318 427 2360 Regna
448 2322 607 2351 mercatus
632 2320 783 2360 sanguine

319 2366 427 2399 Victor
451 2366 542 2401 fulsit
563 2366 756 2408 magnificus.

937 1771 968 1801 4.
994 1768 1057 1800 Hic
1082 1768 1201 1808 primus
1224 1769 1257 1800 iu
1281 1769 1434 1808 apostolis

995 1815 1205 1856 Triumphans
1229 1824 1285 1855 per
1310 1817 1505 1856 martyrium,

993 1863 1164 1895 Primatum
1189 1866 1276 1895 tenet
1299 1863 1413 1896 nobilis

993 1910 1216 1950 Apostolorum
1242 1912 1387 1945 omnium.

961 2021 969 2029 .
996 1996 1214 2038 Prodigiorum
1236 1997 1337 2037 gloria

995 2044 1078 2076 Orbe
1102 2046 1168 2076 toto
1195 2043 1387 2088 diffunditur,

993 2091 1036 2123 Et
1060 2091 1214 2123 bellorum
1239 2092 1372 2124 victoria

994 2138 1207 2180 Triumphalis
1234 2139 1435 2180 dignoscitur.

961 2249 967 2257 .
991 2224 1160 2264 Apparens
1185 2225 1218 2257 in
1242 2226 1386 2265 angustia

991 2272 1070 2312 Regi
1096 2275 1204 2305 sancto
1229 2272 1382 2315 Remigio,

994 2319 1117 2352 Occidit
1141 2321 1241 2353 multa
1262 2322 1350 2354 milia

992 2367 1189 2409 Paganorum
1212 2369 1246 2401 in
1269 2369 1399 2409 proelio.
