1651 2518
716 82 951 110 —54—

222 198 229 205 .
255 171 347 203 Jesus
372 172 525 210 quondam
552 172 736 203 humanatus

258 219 455 257 compatiens
483 218 678 257 mortalibus,

255 265 393 297 Conviva
417 264 519 296 factus
543 265 669 296 humilis

255 312 385 351 Absque
410 312 512 343 carnis
536 311 705 351 illecebris,

254 357 397 390 Docebat
417 359 499 390 inter
522 358 639 396 pabula

254 405 347 436 Vitae
372 405 514 436 coelestis
533 405 687 443 dogmata.

223 515 229 521 .
256 488 414 520 Mirantur
437 488 543 527 plures
567 487 704 520 nobilem

254 534 470 566 Praedicantis
494 534 684 574 indaginem,

257 581 456 620 Quorundam
481 583 608 620 stupent
629 584 762 621 pectora

257 627 383 658 Peccati
407 628 470 658 leto
496 628 609 668 saucia,

256 674 344 712 Quod
370 673 452 705 filins
477 674 620 705 altissimi

258 719 391 752 Consors
416 719 499 752 foret
522 720 629 753 edulii.

225 826 232 833 .
259 804 296 835 In
324 803 413 834 domo
439 804 554 843 quippe
578 803 712 836 Simonis

257 849 331 881 Cum
358 853 441 881 esset
461 858 529 881 cum
556 850 729 892 discipulis,

254 896 358 927 Maria
381 897 513 936 supplex
538 897 672 938 humilis,

254 942 391 975 Famosa
416 945 568 982 quaedam
590 945 748 986 meretrix,

256 989 450 1028 Gompuncta
473 989 568 1021 verbo
593 990 721 1022 Domini

256 1036 375 1067 Locum
400 1037 524 1075 quaerit
546 1037 687 1070 remedii.

223 1144 231 1151 .
254 1119 452 1159 Unguentum
477 1119 582 1151 ferens
605 1121 750 1160 pisticum

256 1166 361 1199 Intrat
383 1167 416 1197 in
442 1167 640 1209 domicilium,

256 1213 385 1251 Absque
410 1215 570 1253 sequestra
595 1214 703 1245 nuntio

257 1259 438 1291 Procumbit
460 1268 565 1292 coram
588 1260 734 1300 Domino,

257 1305 364 1337 Naevo
392 1307 499 1338 delicti
523 1307 633 1338 tabida

256 1353 408 1385 Precatur
431 1353 647 1385 medicamina.

222 1462 229 1468 .
256 1436 401 1468 Accessit
425 1437 592 1469 temeraria

257 1482 333 1515 Cum
357 1484 467 1515 veniae
489 1483 615 1524 fiducia,

258 1529 361 1561 Nardi
386 1530 499 1568 spicati
524 1531 659 1569 speciem

256 1575 377 1608 Effudit
401 1585 496 1616 super
520 1577 680 1615 verticem,

256 1622 389 1654 Testans
415 1631 453 1654 ex
477 1624 539 1655 imo
563 1625 700 1663 pectoris

256 1669 411 1701 Affectum
435 1671 659 1709 poenitudinis

223 1778 230 1785 .
256 1753 379 1785 Dehinc
402 1754 533 1792 pudoris
559 1755 683 1786 conscia

259 1800 414 1833 curvatur
438 1800 479 1832 ad
504 1801 645 1842 vestigia,

257 1846 302 1878 Et
326 1848 414 1885 cujus
439 1851 532 1886 caput
556 1848 677 1888 liquido

259 1893 450 1925 Perfuderat
473 1895 624 1932 antidoto,

257 1939 336 1978 Ejus
361 1941 475 1980 rigavit
496 1941 640 1980 plurimis

259 1987 384 2019 Devota
403 1986 502 2027 pedes
524 1988 672 2020 lacrimis.

226 2094 232 2100 .
259 2070 382 2102 Dehinc
406 2071 536 2110 pudoris
562 2073 687 2104 conscia

259 2116 413 2149 Curvatur
437 2118 480 2149 ad
502 2118 644 2158 vestigia,

257 2163 371 2195 Flebat
395 2164 529 2204 supplex
554 2165 679 2198 uberius

258 2210 424 2249 Suspirans
452 2212 548 2243 corde
571 2213 706 2254 gravius,

258 2257 320 2289 Pro
346 2257 476 2296 speciali
498 2258 596 2290 linteo

257 2303 404 2335 Deservit
428 2304 590 2344 capillulo.

870 171 924 203 10.

872 486 924 519 11.

869 805 924 836 12.

870 1121 924 1153 13.

871 1437 923 1470 14.

873 1754 926 1788 15.

872 2072 924 2105 16.

949 171 1037 202 Inter
1060 179 1152 202 sacra
1175 170 1318 202 convivia

949 217 1022 248 Non
1048 215 1148 249 defuit
1170 216 1299 258 invidia,

951 264 1037 302 Quae
1058 263 1290 303 protoplastum
1315 262 1432 301 repulit

949 311 1000 342 De
1023 310 1162 349 paradisi
1188 310 1321 351 gaudiiS,

950 356 1044 395 Cujus
1068 357 1193 396 longum
1220 356 1364 388 exsilium

951 403 1061 436 Crucis
1085 404 1181 435 solvit
1204 402 1390 442 patibulum.

952 485 1033 517 Nam
1059 486 1185 525 quidam
1211 487 1305 517 corde
1331 486 1450 518 tumido

951 533 1193 571 improperabat
1217 532 1370 564 Domino:

951 579 985 611 Si
1007 582 1114 611 nosset
1138 579 1189 610 hic
1213 579 1364 618 mysteria

951 625 1133 658 Divinitatis
1157 626 1277 665 intima,

950 672 1022 704 Non
1047 673 1166 704 sineret
1188 673 1398 711 peccatricem

952 719 993 751 Se
1016 723 1146 759 tangere
1169 719 1343 752 mulierem.

950 804 1157 843 Respondens
1181 806 1284 834 autem
1305 804 1440 844 provide

949 850 1092 882 Rimator
1118 851 1336 890 conscientiae,

953 897 1047 936 Cuius
1070 906 1133 929 non
1159 898 1237 928 latet
1260 897 1384 929 oculum

952 944 1122 976 Creaturae
1145 944 1320 983 latibulum,

948 991 1132 1029 Proponens
1155 990 1340 1022 imitabilem

950 1037 1156 1069 Remissionis
1180 1038 1334 1076 speciem:

949 1120 1066 1160 Simon,
1090 1122 1192 1160 inquit
1216 1121 1397 1161 domestice,

947 1166 1072 1199 Affatur
1095 1167 1273 1208 allegorice,

951 1213 1021 1245 Duo
1046 1212 1173 1245 fuerunt
1197 1214 1336 1246 homines

950 1261 1085 1292 Diverso
1109 1261 1207 1291 vincti
1231 1260 1371 1300 foenore,

950 1307 1131 1347 Quingentis
1157 1308 1238 1338 alter
1261 1308 1396 1339 numulis

948 1354 1042 1385 Alter
1059 1362 1132 1385 vero
1157 1354 1389 1394 quinquagenis.

951 1437 1008 1475 Qui
1029 1437 1225 1476 rependendi
1251 1437 1390 1469 debitum

950 1484 1021 1516 Non
1046 1484 1184 1515 habuere
1206 1484 1354 1524 pretium,

952 1530 1137 1569 Compulsus
1163 1531 1258 1563 corde
1284 1532 1422 1563 creditor

951 1577 1088 1609 Indulsit
1110 1576 1284 1617 benefici03

950 1624 1012 1655 Dic
1034 1625 1150 1664 itaque,
1177 1624 1245 1664 quis
1269 1625 1439 1664 plurimum

950 1670 1071 1702 Horum
1098 1671 1210 1702 dilexit
1230 1672 1414 1711 praemium.

953 1754 1021 1786 Nec
1043 1763 1132 1786 mora
1155 1754 1261 1787 Simon
1287 1755 1423 1795 addidit,

954 1802 998 1839 Is,
1023 1802 1177 1841 inquiens,
1204 1802 1276 1841 plus
1303 1802 1416 1843 diligit,

952 1849 1050 1887 Quem
1074 1849 1175 1888 major
1197 1858 1301 1887 poena
1325 1849 1424 1882 debiti

951 1895 1119 1927 Premebat
1140 1894 1294 1935 beneficii,

952 1942 1011 1980 Qui
1033 1951 1106 1973 vero
1131 1950 1242 1980 parum
1268 1943 1385 1983 debuit,

952 1989 1059 2020 Minus
1082 1987 1226 2027 profecto
1253 1988 1365 2030 diligit.

951 2072 1081 2110 Adjecit
1105 2081 1226 2112 quoque
1250 2072 1403 2106 Dominus

951 2118 995 2150 Et
1020 2119 1098 2150 dixit
1126 2127 1230 2151 coram
1255 2120 1417 2154 omnibus:

953 2165 1050 2197 Recto
1072 2165 1196 2205 quidem
1218 2166 1338 2205 judicio

952 2211 1084 2244 Sensisti
1111 2214 1149 2244 de
1173 2214 1346 2252 proposito,

952 2260 1092 2290 Attende
1113 2261 1179 2299 jam
1203 2260 1396 2300 veriloquam

952 2306 998 2337 Te
1021 2306 1143 2338 moneri
1165 2306 1361 2346 parabolam.
