1651 2518
764 147 1016 181 -182—

923 242 955 272 4.
980 239 1031 271 Da
1053 242 1254 278 peccatorum
1278 237 1411 276 veniam,

979 287 1111 318 Praesta
1134 287 1312 317 sanctorum
1336 283 1478 324 gloriam,

979 333 1024 365 Ut
1049 331 1129 363 tanti
1148 332 1249 371 patris
1273 331 1393 362 meritis

982 379 1067 411 Coeli
1092 377 1232 410 fruamur
1254 378 1387 418 gaudiis.

254 247 283 277 3.
312 244 388 277 ι16811
415 243 549 283 Christe,
575 252 630 274 rex
655 241 782 282 gloriae,

311 290 392 322 Vota
415 299 577 323 servorum
601 289 735 327 suscipe,

310 337 411 376 Hujus
438 337 573 369 doctoris
598 335 744 375 precibus

309 384 408 415 Nobis
433 382 505 417 fave
529 382 695 423 propitius,

640 450 670 480 5.
697 446 791 485 Laus,
817 446 926 485 honor,
951 445 1062 485 virtus,
1087 445 1197 484 gloria.

325 524 407 550 Brev.
421 532 472 551 ms.
487 522 660 557 Hispalens==
675 528 749 547 saec.
765 517 809 547 15.
824 519 892 547 God.
907 519 1031 547 Parisin.
1048 516 1151 546 13234.
1167 519 1200 546 A.
1214 533 1252 537 —
1264 519 1347 546 Brev.
1359 518 1534 554 Hispalense

250 562 319 596 imp.
339 561 460 588 Parisiis
486 559 568 587 1510.
592 560 624 586 Β.
647 573 680 577 ——
703 558 786 584 Brev-
807 557 983 592 Hispalense
1007 558 1075 592 imp.
1095 555 1211 592 Hispali
1243 554 1323 583 1521.
1344 555 1374 583 C.
1394 570 1428 574 —
1450 556 1533 584 Brev.

252 598 500 633 Calagum-itanum
522 599 551 624 et
563 596 745 624 Calciatensc
763 595 832 630 imp.
845 595 985 622 Luci-onii
1002 591 1081 621 1543.
1094 594 1130 621 D.
1146 609 1180 613 —
1197 593 1221 628 1,
1244 592 1259 620 1
1273 594 1380 628 Magne
1396 595 1490 621 rector
1499 594 1533 620 A.

588 733 648 764 315.
687 733 729 763 De
749 734 854 764 sancto
874 732 993 763 Isidoro
1013 731 1198 763 Matritensi.

801 810 932 848 Hymnus
954 809 978 838 1.

256 888 288 919 1.
312 887 448 926 Magnae
471 887 596 920 virtutis
620 887 712 918 titulo

314 933 533 966 Collaudemus
560 934 714 974 egregium

311 980 427 1011 Divina
449 980 545 1012 laude
567 981 676 1012 sedulo

307 1027 479 1065 Exemplar
502 1027 698 1068 vigilantium

307 1073 358 1104 Ex
381 1074 563 1105 meritorum
589 1074 709 1105 cumulo

308 1119 456 1151 Sanctum
477 1123 617 1152 nostrum
641 1120 808 1155 Isidorum.

253 1207 283 1237 2.
311 1204 422 1243 Spreto
448 1205 560 1244 quietis
585 1205 699 1235 lectulo

311 1250 437 1282 Summa
461 1251 599 1290 repletus
624 1251 725 1290 gratia

309 1296 443 1337 Surgens
467 1298 563 1329 valde
588 1298 724 1329 diluculo

309 1343 468 1383 Perquirit
492 1345 679 1385 sanctuaria,

310 1390 517 1429 Prolongatus
540 1390 681 1422 cubiculo

308 1436 447 1476 Virginis
470 1437 570 1469 intrat
589 1437 682 1470 atria.

253 1523 282 1554 3.
308 1520 442 1552 Sanctae
464 1522 574 1553 matris
598 1521 717 1560 palatio

310 1567 435 1599 Summa
460 1568 564 1600 cordis
588 1568 739 1599 instantia

310 1614 421 1646 Coram
450 1617 551 1646 matre
576 1617 608 1646 et
630 1613 696 1646 filio

307 1661 366 1693 Pia
388 1662 497 1700 prodit
520 1661 666 1701 suspiria,

308 1708 418 1739 Vicina
442 1709 598 1740 desiderio

309 1754 471 1787 Subintrat
494 1755 640 1788 oratoria.

250 1841 281 1872 4.
307 1839 357 1871 Ex
382 1838 492 1878 quibus
516 1838 706 1871 valefaciens

310 1886 414 1918 Villae
437 1886 505 1918 adit
529 1886 688 1925 eeclesias,

310 1933 397 1972 Orat,
421 1935 458 1964 ut
480 1933 523 1964 sit
545 1932 724 1974 proficiens,

308 1979 432 2011 Christo
457 1988 554 2019 usque
578 1980 751 2019 obsequias,

308 2026 393 2065 Opus
416 2026 531 2058 bonum
555 2025 732 2065 perficiens,

308 2073 401 2104 Redit
425 2072 493 2105 Deo
520 2073 597 2105 dans
619 2073 746 2113 gratias.

276 2181 282 2187 .
308 2156 417 2196 Jungit
434 2156 530 2190 boves
555 2158 596 2189 ad
620 2160 769 2197 aratrum,

308 2204 388 2243 Agri
409 2206 445 2234 ut
468 2207 542 2244 agat
564 2213 670 2243 opera,

310 2250 389 2281 Duri
412 2250 530 2283 laboris
552 2252 701 2282 talatrum

310 2297 461 2329 Coelestis
486 2299 570 2330 levat
595 2299 734 2337 dextera,

307 2344 433 2375 Adsunt
456 2345 551 2377 boves
575 2353 633 2384 per
656 2345 799 2385 angelum

307 2391 404 2422 Parte
431 2392 586 2423 sulcantes
612 2392 721 2424 altera.

253 2159 270 2189 07(

946 888 977 919 6.

1004 886 1140 918 Goelesti
1165 886 1354 925 aspiramine

1004 933 1188 965 Sanctorum
1214 935 1245 963 et
1268 933 1419 964 ecclesiae

1001 980 1085 1011 Miro
1109 979 1170 1011 Dei
1191 980 1351 1018 Juvamine

1002 1026 1072 1057 Hoc
1096 1026 1244 1066 explebat
1267 1025 1416 1065 quotidie,

1001 1072 1096 1104 Nullo
1121 1075 1281 1112 repertum
1306 1072 1428 1103 homine

1001 1119 1102 1158 Hujus
1128 1123 1176 1151 est
1200 1120 1314 1151 donum
1338 1119 1467 1159 gratiae,

967 1228 976 1236 .
1000 1203 1129 1234 Incusat
1151 1203 1235 1234 hunc
1259 1202 1383 1242 vicinia,

1000 1249 1089 1288 Quod
1113 1250 1234 1281 'tardius
1258 1249 1422 1289 inciperet,

998 1296 1050 1329 Ad
1075 1297 1226 1328 arandum
1249 1304 1307 1335 per
1333 1296 1424 1327 devia

1001 1342 1077 1374 Cum
1103 1344 1187 1375 solus
1211 1351 1303 1375 mane
1327 1346 1482 1383 pergeret,

1001 1390 1046 1421 Ut
1068 1393 1170 1421 motus
1195 1390 1243 1421 ira
1267 1389 1364 1420 nimia

1000 1436 1100 1467 Tutor
1124 1445 1193 1467 eum
1217 1436 1375 1467 illuderet.

968 1543 974 1550 .
1000 1522 1171 1553 Perversos
1195 1523 1280 1552 tutor
1302 1521 1432 1552 audiens

1001 1567 1043 1598 Se
1066 1568 1155 1606 ponit
1177 1567 1210 1598 in
1235 1568 1369 1603 insidiis,

999 1614 1093 1645 Mera
1119 1614 1254 1646 videndo
1277 1614 1425 1653 gradiens

1004 1660 1044 1692 Se
1069 1660 1207 1691 abstinet
1230 1660 1384 1701 convitiis,

1001 1707 1210 1746 Compunctus
1236 1707 1332 1739 eorde
1355 1708 1478 1747 patiens

994 1753 1119 1785 Divinis
1145 1762 1183 1786 ex
1206 1754 1342 1786 indiciis.

948 1841 978 1872 9.
1005 1838 1086 1870 Nam
1110 1838 1211 1870 bobus
1237 1839 1317 1870 albis
1342 1839 1467 1871 viderat

922 2158 975 2189 10.

997 1886 1149 1917 Arantem
1175 1894 1249 1925 agro
1268 1886 1424 1926 juvenem,

999 1933 1095 1971 Quem
1120 1933 1256 1964 vicinum
1283 1933 1463 1965 crediderat

999 1978 1165 2010 Juvantem
1189 1988 1256 2010 esse
1280 1980 1446 2022 homiuem,

1001 2025 1064 2057 Sed
1078 2034 1145 2057 cum
1161 2027 1228 2065 jam
1243 2035 1394 2066 praesens
1410 2027 1532 2070 aderat,

1001 2072 1090 2104 Vidit
1112 2074 1224 2106 adesse
1248 2074 1413 2107 neminem.

999 2157 1216 2200 Percontatur,
1243 2158 1312 2197 quis
1333 2156 1439 2198 fuerit,

1002 2204 1060 2243 Qui
1086 2212 1187 2236 comes
1212 2214 1287 2244 agro
1310 2207 1451 2245 steterat,

1001 2251 1194 2293 Respondet,
1221 2252 1303 2291 quod
1323 2261 1384 2283 non
1402 2253 1524 2285 noverit

1002 2297 1075 2329 Post
1098 2297 1199 2329 Deum
1225 2299 1276 2338 qui
1302 2307 1337 2330 se
1357 2299 1501 2338 juverat:

1004 2344 1113 2384 Inquit
1135 2346 1234 2384 miles,
1265 2346 1349 2385 quod
1373 2346 1492 2380 viderit

1007 2391 1182 2435 Juvantem,
1210 2393 1267 2425 sed
1291 2393 1498 2426 abscesserat.

1529 2278 1536 2294 7
