1651 2518
648 110 902 147 —1011—

397 207 429 238 3.
455 206 500 238 Ut
527 206 721 240 decimentur
742 208 871 240 mandat
893 207 946 239 hie
969 206 1107 239 terribili

452 253 621 294 Morteque
645 255 759 286 dentur
783 254 896 287 affeetu
917 253 1071 296 horribili,

456 299 701 340 Superviventes
726 304 758 332 et
780 303 905 342 placato
930 302 1033 334 animo

456 346 646 379 obedientes
671 358 726 381 suo
750 349 815 380 sint
837 348 981 389 imperio.

398 413 432 444 4.
457 410 521 444 Sed
545 413 618 452 quia
642 412 710 445 Deo
733 413 843 454 nequit
866 415 935 454 quis
955 415 1111 456 resistere,

457 458 603 491 Crudelis
627 460 678 492 leo
701 461 759 492 hos
782 461 892 492 beatos
915 461 1042 494 vincere

457 504 529 538 Non
554 507 662 538 valens
685 506 762 538 fecit
785 508 825 539 ob
849 516 936 539 suam
959 508 1112 540 insaniam

458 552 591 584 Illorum
614 551 707 586 fundi
730 555 903 593 pretiosum
926 554 1117 595 sanguinem.

401 620 431 651 5.
458 619 581 652 Civium
605 620 706 652 turbis
731 621 873 660 adjuncti
898 624 971 654 sunt
995 621 1118 654 coelicis

459 665 579 698 Cruore
602 666 673 699 fuso
699 668 772 699 dato
794 669 881 700 vitae
904 669 1048 710 termino,

457 713 684 746 Maximianum
708 714 876 747 furientem
899 716 1030 755 impium

459 759 564 800 Digne
589 761 778 802 spernendo,
802 764 840 793 ut
863 762 1020 795 servirent
1042 762 1186 795 Domine.

401 826 430 858 6.
456 825 551 866 Laus,
579 827 683 865 decuS,
709 827 819 869 virtus,
846 827 947 859 honor
972 830 1004 859 et
1027 828 1159 860 victoria

457 872 537 913 Deo,
562 874 615 913 qui
639 883 719 905 unus
743 874 907 914 trinusque
929 874 963 906 in
987 875 1088 914 gloria

457 919 581 960 Regnat
601 923 633 952 et
656 922 798 952 sanetum
820 920 1006 953 militantem
1019 920 1193 954 Candidum

457 966 558 998 Duxit
579 967 613 999 in
634 968 733 999 altum
756 976 815 1006 per
838 976 962 1000 sacrum
985 968 1180 1007 martyrium.

203 1028 249 1055 Ex
267 1029 351 1056 BreV.
372 1038 424 1057 ms.
446 1029 475 1057 S.
498 1030 673 1067 Cueuphatis
693 1033 742 1060 bei
760 1032 889 1066 Tamayo
909 1032 944 1066 V,
965 1030 1028 1060 288.

506 1186 567 1218 150.
606 1187 649 1217 De
671 1195 710 1218 ss.
731 1186 861 1219 cordula
882 1190 912 1219 et
932 1187 1055 1219 candia.

624 1262 671 1292 Ad
690 1263 776 1300 Vesp.
799 1267 828 1293 et
845 1263 930 1294 Noct.

405 1341 435 1373 1.
460 1341 574 1381 Fulget
596 1342 661 1380 giam
686 1351 766 1373 nova
790 1342 844 1374 lux
870 1342 1004 1382 binaque
1027 1343 1129 1383 gloria

460 1387 616 1419 Dertosae
639 1389 782 1429 rutilans,
810 1389 956 1430 Cordula,
983 1389 1111 1430 candia,

459 1435 522 1466 Per
547 1443 623 1473 quas
649 1434 785 1466 efficitur
809 1435 923 1468 nobilis
946 1436 1050 1469 incola

505 1483 544 1515 In
564 1484 653 1513 terra
675 1482 798 1522 patriae
820 1483 896 1522 poli.

405 1549 436 1580 2.
463 1548 647 1580 Sanctarum
672 1548 785 1580 merita
810 1553 841 1580 et
864 1548 979 1589 gaudia
1002 1549 1156 1588 virginum

462 1594 613 1627 Reddunt
637 1595 787 1627 ecelesiae
813 1595 955 1636 festaque
978 1597 1160 1637 martyrum,

464 1640 540 1673 Sese
564 1642 637 1673 dum
661 1643 783 1674 sociant
804 1643 892 1675 milia
916 1643 1035 1674 milium

508 1690 592 1721 sexu
616 1689 747 1721 militiae
766 1698 857 1722 novo.

406 1755 436 1787 3.
461 1753 565 1786 Atrox
591 1763 659 1786 eum
683 1754 807 1794 gladius
832 1756 933 1787 saevit
955 1755 988 1786 in
1013 1757 1152 1796 agnulas,

461 1800 597 1841 'ringens
622 1810 780 1841 purpureo
801 1803 951 1841 sanguine
977 1803 1138 1843 candidas,

462 1847 600 1887 Sponsus
626 1849 759 1888 suscipit
783 1849 839 1881 has
865 1849 961 1881 caede
986 1851 1163 1883 eruentulas

510 1895 744 1936 Exsultansque
767 1896 879 1936 adjicit
901 1896 971 1929 sibi.

403 1964 434 1995 4.
462 1961 568 1994 Caesis
593 1962 766 2002 virginibus
792 1971 861 1995 cum
885 1963 1063 1996 diademate

461 2009 594 2052 Dantur,
621 2009 786 2041 sublatitat
809 2011 966 2050 lintreque
991 2011 1137 2054 Cordula,

462 2056 539 2088 Cum
565 2057 662 2097 dupla
686 2058 813 2089 aureola
837 2058 938 2099 surgit
961 2060 993 2089 et
1016 2067 1111 2091 aurea

509 2104 638 2144 Adepta
663 2104 714 2136 die
739 2105 848 2137 altera,

404 2172 434 2204 5.
460 2170 485 2203 O
509 2180 629 2203 summa
653 2171 766 2211 deitas,
792 2172 877 2203 trina
901 2171 957 2204 sed
981 2172 1085 2214 unica,

462 2218 547 2257 Quae
571 2220 619 2250 tot
641 2218 816 2259 virginibus
839 2221 989 2260 tantaque
1012 2221 1154 2259 praemia

459 2266 616 2309 Praestas,
643 2266 838 2306 supplicibus
865 2266 906 2298 da
930 2266 984 2306 pia
1008 2276 1138 2300 munera

509 2313 609 2345 Nobis
632 2313 856 2354 propitiabilis,

203 2378 287 2405 Brev.
307 2378 505 2406 Dertusanum
523 2380 600 2416 imp2
613 2379 750 2427 Lugduni
772 2377 852 2407 1547.
