1651 2518
727 145 771 148 —
826 124 987 159 282-

606 222 635 253 5.
662 220 729 252 Deo
753 221 838 259 patri
861 220 902 251 sit
926 219 1035 261 gloria,

659 267 745 299 Proli
769 267 810 298 sit
834 275 958 306 semper
981 267 1092 308 gratia,

659 314 766 345 Virtus
789 314 831 344 sit
855 316 962 345 sancto
985 311 1104 345 flamini

658 360 748 392 Salus
772 360 839 392 Deo
868 362 901 391 et.
923 360 1049 392 homini.

289 425 371 452 Brev.
397 424 571 459 Segoviense
597 427 665 461 imp.
692 425 846 453 Valisoleti
872 422 952 451 1527.
972 426 1006 453 A.
1029 440 1068 444 —
1093 425 1176 452 Brev.
1198 423 1264 451 Ord.
1286 423 1314 451 S.
1334 424 1437 452 Jacobi
1464 424 1499 451 tle

213 462 304 498 Spata
322 463 389 498 imp.
409 463 538 498 Legione
561 460 641 490 1532.
661 464 693 491 Β.
713 477 750 481 -
769 463 853 490 Brev.
872 462 1100 490 Salmantieense
1118 464 1186 497 imp.
1202 462 1395 489 salmanticae
1417 460 1497 489 1541.

214 499 243 527 O.
263 515 300 518 —
319 500 403 530 Brev.
424 500 569 528 Abulense
589 501 657 536 imp.
679 500 875 528 Salmanticae
897 498 977 527 1551.
1000 500 1033 527 D.
1055 514 1090 518 -—
1110 500 1194 527 Brev.
1207 499 1409 526 Placentinum
1427 500 1496 534 imp.

212 538 344 565 Venetiis
369 535 450 565 1554.
469 537 505 564 E.
531 551 568 556 —-
595 536 619 572 1,
642 537 657 565 1
677 539 794 565 Festum
813 537 870 565 BG.
897 553 933 557 —-
960 536 985 572 1,
1011 536 1031 564 4
1052 546 1117 565 cum
1133 537 1306 564 coelestibus
1325 536 1358 563 B.
1378 553 1414 557 ‹-
1433 534 1460 570 2,
1480 536 1499 564 4

215 575 374 602 Occurrunt
393 576 419 603 ei
439 575 506 610 AD3
528 575 651 602 Curi-unt
670 576 739 603 huie
757 575 788 603 G.
809 590 845 595 —-
865 573 890 609 5,
911 573 931 602 4
948 576 984 603 In
1003 577 1178 611 sempiterna
1197 574 1313 602 saecula
1331 574 1366 601 Ε.

581 665 650 697 495.
678 666 721 697 De
740 674 803 696 una
821 665 958 704 Martyre
977 665 1107 696 tantum.

731 732 779 761 Ad
797 732 950 769 Vesperas.

481 801 511 832 1.
537 799 643 832 Turba
668 801 823 832 cantanda
847 802 895 831 est,
917 800 971 839 pia
995 799 1214 836 continentum,

539 846 623 885 Quae
645 847 746 879 Deum
771 856 851 887 pura
876 847 999 878 coluere
1022 849 1135 886 mente,

536 892 687 925 Hostibus
713 894 790 925 diris
815 894 906 925 simul
931 896 962 925 et
985 892 1042 925 sub
1067 893 1178 924 umbra

582 940 672 972 Bella
695 941 843 975 tulerunt..

480 997 511 1029 2.
536 996 637 1035 Saepe
661 1005 733 1028 nam
759 996 844 1028 dulci
867 1000 970 1035 parat,
998 1003 1079 1035 ecce,
1105 994 1247 1027 fraudem

537 1041 634 1074 Melle
658 1043 824 1075 subridens
849 1042 934 1074 ferus
958 1043 1027 1082 ipse
1050 1042 1183 1073 mundus

536 1091 641 1128 Atque
664 1092 736 1128 post
759 1090 858 1121 tristis
884 1090 977 1129 subit,
1004 1097 1086 1131 eece,
1109 1097 1216 1120 amaro

585 1135 647 1167 Ora
670 1144 793 1174 sapore,

481 1192 510 1223 3.
537 1191 600 1224 Sed
625 1192 697 1230 piae
719 1194 838 1223 mentes
862 1192 972 1223 animis
997 1191 1037 1222 ad
1062 1191 1126 1223 alta

537 1237 669 1277 Templa
693 1238 835 1269 coelestis
859 1237 985 1269 Domini
1010 1239 1144 1277 repostis

539 1284 677 1323 Corpore
704 1287 788 1315 casto
815 1288 964 1324 superata
986 1285 1108 1316 calcant

582 1330 716 1370 Agmina
742 1332 860 1363 mundi.

483 1387 513 1418 4.
539 1386 640 1418 Corde
663 1388 822 1418 cantantes
848 1395 1032 1418 veneremur
1054 1388 1111 1419 alti

532 1432 659 1464 Atheris
683 1436 804 1473 patrem
829 1434 921 1465 simul
945 1436 1038 1473 atque
1061 1437 1177 1474 natum,

536 1479 662 1511 Gratias
688 1481 795 1512 demus
819 1480 939 1520 pariter
963 1480 1101 1513 colentes

582 1526 719 1559 Pneuma
743 1535 908 1558 sacratum.

283 1588 365 1615 Brev.
388 1588 685 1626 Caesaraugustanum
703 1593 771 1625 imp.
793 1591 1039 1627 Caesaraugustae
1059 1591 1140 1620 1527.
1160 1593 1194 1620 A.
1217 1608 1251 1612 —
1271 1595 1355 1620 Brev.
1375 1595 1493 1622 Caesar-

208 1628 399 1660 augustanum
419 1627 485 1662 imp.
509 1627 754 1663 Caesaraugustae
775 1627 855 1656 1544.
875 1629 907 1656 B.

578 1718 644 1750 496.
683 1721 726 1751 De
748 1728 810 1751 una
830 1720 968 1758 martyre
987 1721 1114 1751 fantum.

720 1786 767 1815 Ad
787 1785 974 1815 Nocturnum.

476 1853 506 1885 1.
532 1855 683 1885 Atterunt
707 1861 819 1893 corpus
843 1853 930 1886 vario
953 1854 1063 1885 labore

530 1900 675 1932 Membra
698 1904 870 1940 pungentes
893 1900 1088 1939 subeuntque
1110 1901 1232 1932 tristem

535 1947 626 1979 Sitim
654 1950 686 1978 et
705 1945 820 1979 famem
842 1947 1025 1987 fugiuntque
1049 1956 1173 1979 somnos

577 1993 687 2025 Noctis
712 2002 838 2033 opacae.

473 2052 504 2082 2.
531 2050 627 2082 Nulla
651 2049 737 2082 fraus
762 2051 859 2082 hostis
884 2051 1061 2082 truculenta
1086 2051 1147 2082 diri

531 2097 657 2128 Terruit
682 2101 800 2128 mentes
823 2097 933 2136 vigiles
959 2101 991 2128 et
1014 2097 1077 2128 alto

534 2143 664 2182 Semper
686 2145 851 2176 haerentes
875 2144 1021 2183 precibus
1046 2143 1147 2175 beatis

579 2190 799 2230 Omnipotenti.

473 2247 504 2279 3.
532 2246 610 2278 Inde
634 2255 692 2285 per
715 2248 813 2278 totum
837 2247 1034 2278 celebrantur
1059 2247 1175 2285 orbem,

532 2293 693 2325 Laudibus
718 2293 820 2333 dignis
844 2292 986 2325 referunt
1010 2302 1154 2325 coronam

534 2339 617 2372 Orbe
643 2341 761 2372 calcato
787 2341 969 2380 superisque
989 2341 1092 2380 regnis

577 2387 655 2419 Jure
678 2387 881 2426 triumphant..
