1651 2518
682 94 914 129 ‚43-

150 189 181 221 9.
207 189 318 220 Mittas
342 187 433 220 nobis
458 189 606 220 auxilium
827 190 881 222 10.
907 188 1086 221 Thesauros
1110 192 1180 220 tuos
1206 189 1295 228 aperi

206 236 312 274 Atque
336 239 458 274 tempus
482 235 633 275 irriguum
905 235 950 267 Et
973 235 1105 267 coelicas
1131 237 1315 275 cataractas,

210 309 219 315 .
255 306 699 318 .............
908 281 959 313 Da
980 281 1113 313 imbrem
1136 283 1190 313 tuo
1215 282 1304 322 operi

910 328 960 360 Ne
983 329 1117 368 populos
1142 331 1270 360 atteras.

469 394 523 428 11.
544 394 654 426 Gloria
677 394 719 426 sit
747 395 892 434 creatori,

543 441 602 480 Qui
627 442 768 473 crebram
791 440 870 473 fluat
892 441 1042 481 pluviam,

544 489 591 521 Ut
614 497 690 528 opus
716 489 826 520 credat
848 488 948 520 actori

547 535 751 576 Laudemque
776 536 829 567 det
852 535 1047 574 plasmatori.

227 600 310 627 Brev.
330 599 504 635 Urgellense
522 600 592 635 imp.
611 599 743 627 Venetiis
764 596 847 627 1487.
868 615 905 619 —-
928 596 960 632 3,
980 598 1000 626 4.-
1019 607 1104 634 aqua.
1124 613 1162 618 -—-
1180 597 1214 632 6,
1235 597 1253 626 3
1271 599 1384 626 Pluvia.
1406 613 1442 617 —

152 636 185 669 7,
216 634 233 664 3
260 638 381 673 ergssinze
406 640 435 664 te
463 636 601 664 erexisti?
621 652 659 656 ——
680 634 728 668 10,
755 635 773 663 2
791 637 833 664 Et
851 637 983 664 coelicas.
1004 637 1192 664 characteres.
1213 651 1250 655 —
1271 634 1321 669 10,
1347 636 1367 664 4
1387 637 1417 663 li<
1430 645 1441 649 -

151 674 253 709 Neque
278 674 420 710 populos?
443 689 480 693 —
505 675 566 702 Das
593 682 631 701 an
654 674 755 702 letzter
781 674 872 701 Stelle
895 682 966 701 vom
989 675 1109 709 vorigen
1137 674 1270 709 Hymnus
1288 674 1442 701 Bomerkte

153 711 247 739 ‹liirt'te
267 712 341 739 auch
359 720 419 739 von
438 712 546 740 diesem
559 711 650 739 Liede
662 712 789 748 Geitung
806 712 910 747 haben,
930 720 980 738 um
1000 721 1031 739 so
1051 713 1141 746 mehr,
1163 712 1206 739 als
1220 712 1267 739 das
1285 711 1443 739 Gothisclm

151 749 271 777 Brevier
289 750 369 777 reich
387 750 428 776 ist:
446 758 484 777 an
503 750 640 784 Hymnen
659 750 705 777 fiir
724 749 859 776 fihnliehe
878 749 1010 777 Aniasse.

572 866 618 898 33.
657 867 700 898 De
721 866 919 907 conceptione
938 867 1025 899 BMV.

688 951 735 981 Ad
754 952 907 989 Vesperas.

154 1039 186 1071 1.
210 1039 249 1071 In
272 1039 429 1079 virginum
452 1039 574 1071 rosario
826 1040 859 1073 4.
885 1039 1071 1079 Angelioum
1094 1040 1218 1071 initium

210 1086 303 1118 Viola
325 1095 427 1125 parva
450 1086 560 1126 oritur,
883 1086 1012 1117 Nullum
1037 1087 1138 1118 scelus
1165 1088 1361 1130 compatitur,

210 1132 296 1171 Quae
321 1134 402 1164 dono
426 1131 598 1164 multifario
881 1133 911 1164 A
937 1131 1062 1165 fortiori
1085 1134 1197 1165 vitium

210 1179 279 1211 Nec
302 1183 372 1211 aret
394 1187 495 1219 neque
519 1181 662 1213 moritur.
883 1181 922 1211 In
944 1183 1045 1211 matre
1070 1189 1133 1212 non
1159 1181 1327 1222 colligitur.

153 1247 184 1278 2.
209 1246 318 1277 Pictor
342 1254 434 1277 verus
459 1246 630 1285 imaginum
827 1245 858 1276 5.
883 1245 998 1277 lunata
1023 1245 1112 1277 nobis
1133 1246 1212 1278 vitia

208 1292 301 1324 Hanc
323 1292 427 1331 pinxit
450 1293 662 1333 singulariter,
883 1292 971 1324 Evae
994 1293 1095 1323 nescit
1117 1293 1334 1334 primordium,

214 1339 312 1378 Quam
337 1339 424 1370 nulla
448 1340 499 1370 lex
523 1340 730 1379 propaginum
884 1339 1053 1372 Contracta
1076 1348 1145 1371 cum
1168 1338 1288 1380 flagitia

208 1385 366 1418 Foedavit
389 1386 589 1425 generaliter,
883 1385 1035 1417 Nostrum
1059 1387 1194 1426 sumpsit
1218 1388 1392 1420 exordium.

152 1451 184 1484 3.
205 1450 396 1482 Formalitas
422 1451 552 1491 originis
827 1452 859 1483 6.
884 1451 1053 1483 Tolluntur
1077 1453 1212 1484 venialia

207 1498 402 1538 Angelicalis
428 1498 559 1537 spiritus
882 1500 913 1529 A
936 1501 1038 1530 matre
1061 1507 1151 1531 sacro
1178 1500 1331 1542 dogmate,

207 1546 347 1584 Aptatur
369 1545 464 1576 matri
487 1544 612 1584 virgini,
882 1545 968 1584 Ergo
993 1546 1159 1584 originalia

209 1591 364 1630 Quantum
388 1592 430 1623 ad
456 1600 524 1623 esse
545 1592 703 1631 primitus.
883 1592 956 1624 Non
980 1595 1053 1624 sunt
1075 1593 1110 1624 in
1135 1593 1200 1633 ejus
1225 1593 1392 1626 schemate.

545 1658 574 1689 7.
601 1657 728 1689 Patrem
753 1658 881 1697 superni
906 1657 1042 1689 aetheris

601 1703 663 1734 Per
686 1707 794 1736 natum
818 1705 928 1735 matris
953 1703 1053 1736 filium

601 1750 779 1791 Precemm,
809 1750 889 1783 dono
914 1750 1052 1783 foederis

599 1796 645 1828 Ut.
668 1797 758 1829 nobis
785 1799 839 1830 det
859 1798 1021 1831 auxilium.

221 1863 305 1890 BreV.
328 1862 394 1889 Ord.
414 1862 623 1890 Immaculatae
644 1862 849 1898 Conceptionis
869 1863 937 1898 imp.
958 1862 1102 1900 Compluti
1125 1862 1206 1892 1551.
1226 1880 1264 1885 —
1286 1863 1316 1898 1,
1346 1865 1359 1894 1
1393 1867 1442 1893 sir·-

143 1901 250 1937 giuem.
270 1915 308 1920 -
328 1898 353 1935 6,
375 1897 393 1928 3
414 1900 474 1935 ejus
495 1901 639 1928 scismate.

566 2020 615 2052 34.
654 2020 697 2052 De
717 2020 918 2062 conceptione
937 2021 1024 2053 BMV.

666 2107 714 2137 Atl
732 2106 920 2138 Nocturnum.

142 2199 174 2232 1.
201 2196 328 2230 Candor
357 2196 478 2230 aeterni
502 2194 637 2229 flaminis
823 2198 854 2230 2.
880 2196 985 2229 Status
1010 2196 1154 2230 facturae
1177 2198 1283 2230 labilis

202 2245 368 2278 Lustravit
391 2244 473 2278 hane
496 2243 695 2287 statueram,
879 2244 950 2277 Duo
974 2245 1074 2277 traxit.
1094 2246 1261 2289 principia,

198 2293 284 2332 Quae
310 2293 382 2324 talis
407 2295 480 2324 ortu
506 2292 657 2332 germinis
878 2293 964 2331 Quae
989 2293 1017 2324 si
1042 2291 1126 2325 foret
1152 2293 1317 2335 durabiliS‚

198 2340 349 2373 Normam
375 2340 472 2380 fregit
495 2339 690 2381 pestiferam.
880 2339 978 2372 Nulla
1003 2344 1107 2373 essent,
1131 2342 1296 2382 mancipia.
