1651 2518
694 101 853 138 —235
904 122 947 127 -—

447 197 480 229 6.
504 197 554 229 Tu
578 198 697 230 candor
723 198 845 238 genitus
869 198 949 229 lucis
973 205 1121 230 amoenae

504 243 549 275 Et
571 245 671 284 patris
696 244 821 286 sapiens
844 244 995 285 splendor
1019 245 1132 284 imago,

504 290 606 331 Regni
631 292 803 332 participes
829 291 944 332 perfice
968 295 1043 324 tunc
1066 299 1131 333 nos,

504 337 635 376 Quando
660 340 807 371 restitues
833 348 928 379 regna
953 339 1086 379 parenti.

244 401 328 429 Brev.
348 400 509 429 Illerdense
531 403 600 438 imp.
621 411 663 430 ea.
686 400 767 431 1533.
788 419 824 423 —
847 401 872 437 2,
892 402 912 431 4
933 405 1005 431 saxi.
1025 417 1061 423 —
1081 400 1107 436 5,
1128 400 1146 429 2
1165 402 1288 430 fastinus
1309 410 1401 431 omne.

612 522 672 554 413.
712 523 756 554 De
776 524 885 554 saneto
906 522 1041 554 Onosrio.

692 590 741 619 Ad
760 589 949 619 Nocturnum.

448 657 478 689 1.
504 657 551 689 Ut
575 662 691 698 queant
710 659 808 690 laetos
833 659 1029 691 modulantes
1054 659 1185 696 hymnos

505 704 575 736 Hoc
600 706 644 736 tui
670 714 792 737 sacrum
819 706 979 738 celebrare
1003 704 1126 744 festum,

504 752 635 783 Annuas
661 752 780 784 cunctis
805 752 863 783 tibi
888 762 971 784 nunc
996 752 1128 791 devotis,

551 799 666 831 Inclite
690 797 810 831 Onofri.

448 873 481 905 2.
505 872 580 903 Rite
603 876 678 912 post
700 875 789 905 actus
813 873 953 912 pueriles
977 882 1074 905 annos

505 919 590 951 Orbe
609 924 764 952 terrarum
790 920 923 951 celebris
948 921 1073 952 deserta

505 966 544 998 In
568 967 662 998 terris
687 975 816 1007 regnum
840 964 963 1006 fugiens
987 967 1077 998 adire

550 1013 655 1045 Noxia
677 1021 842 1053 spernens,

447 1087 480 1119 3.
510 1087 600 1119 Alter
623 1089 659 1118 ut
684 1090 772 1119 vetus
796 1086 924 1126 Moyses
948 1084 1046 1126 fuisti,

505 1134 576 1171 Ille,
600 1134 652 1174 qui
677 1136 813 1165 montem
836 1133 967 1172 propius
992 1132 1128 1172 petendo

504 1180 589 1212 Exui
613 1183 736 1221 tegmen
761 1179 896 1219 pedibus
917 1179 1047 1219 jubetur

549 1227 686 1260 Numine
709 1235 809 1260 sacro.

448 1304 480 1335 4.
505 1302 602 1341 Quem
627 1303 705 1334 latet
728 1310 874 1342 magnum
899 1300 1019 1333 facinus
1043 1309 1102 1341 per
1127 1300 1245 1341 orbem,

506 1350 572 1389 Quo
597 1350 676 1381 nihil
700 1349 791 1381 nobis
815 1349 913 1380 satius
937 1349 1080 1390 resultat,

506 1396 642 1429 Cuilibet
669 1397 763 1437 digne
786 1396 908 1427 veniam
933 1396 1055 1435 petenti

553 1444 683 1476 Obtines
706 1444 785 1483 ipse.

450 1518 480 1549 5.
507 1518 566 1549 His
589 1521 701 1558 potens
725 1519 850 1550 nostros
873 1517 994 1549 meritis
1018 1517 1164 1548 misertus

506 1565 630 1604 Lapsus
653 1566 795 1606 ingentes
820 1564 962 1597 relevare
988 1573 1063 1595 cura

505 1611 549 1643 Et
572 1612 657 1651 piam
682 1612 806 1644 Christo
829 1619 982 1643 renovare
1005 1613 1112 1642 nostro

555 1660 688 1691 Pectore
709 1658 826 1692 sedem.

450 1735 482 1767 6.
508 1733 634 1766 Gratias
659 1733 771 1765 summi
794 1733 944 1773 genitoris
969 1733 1061 1775 almo,

508 1781 591 1813 Filio
617 1790 742 1821 semper
766 1778 939 1812 referamus
964 1783 1058 1819 atque

507 1828 657 1867 Flamini,
683 1836 814 1868 quorum
840 1827 907 1858 sine
931 1825 994 1859 fine
1018 1827 1118 1859 virtus

558 1876 662 1909 Unica
684 1877 806 1917 regnat.

252 1944 337 1970 Brev.
357 1941 516 1970 Illerdense
536 1941 605 1976 imp.
627 1949 669 1969 ea.
693 1937 774 1968 1533.

603 2072 666 2104 414.
707 2072 751 2103 De
771 2071 877 2102 sancto
899 2069 1034 2102 Onofrio.

725 2137 772 2168 Ad
792 2137 917 2167 Laudes.

176 2213 209 2246 1.
235 2212 319 2244 Solis
342 2210 460 2243 mundo
485 2211 540 2243 lux
563 2210 702 2249 jucundo
855 2209 886 2240 2.
913 2207 1011 2240 Omen
1034 2207 1096 2238 iste
1120 2204 1183 2237 fert
1204 2205 1361 2246 baptistae

283 2259 375 2292 Nova
399 2256 597 2299 profundens
622 2257 748 2298 gaudia,
962 2254 1038 2287 Cibo
1064 2262 1191 2286 consors
1216 2256 1248 2284 et
1272 2253 1417 2293 tegmine,

236 2308 282 2340 Te
308 2308 439 2339 decorat
462 2308 494 2337 et
515 2306 658 2348 honorat,
915 2301 969 2333 Fit
993 2302 1105 2334 Heliae
1130 2309 1259 2341 compar
1283 2301 1353 2333 viae

282 2355 356 2387 Pia
381 2356 514 2386 mater
539 2352 741 2385 ecclesia.
960 2350 991 2382 A
1015 2348 1122 2382 solis
1147 2351 1265 2380 ortus
1284 2349 1470 2381 cardine.
