1651 2518
722 102 977 138 —175—

479 196 508 228 2.
534 198 628 237 Ecce,
655 198 765 230 Toleto
789 198 931 238 Lybibus
955 200 1098 239 superbis

536 244 648 277 Pulsus
673 245 767 286 elegit
790 248 941 279 tumulum
967 247 1127 285 Zamorae,

533 291 638 323 Multa
662 295 734 332 post
758 293 862 325 saecla
884 293 1012 326 latitans
1038 294 1154 326 ibidem

578 339 734 371 Panditur
757 341 827 373 iste.

475 414 506 446 3.
531 414 592 453 En,
619 415 729 447 vident
754 416 847 456 caeci,
874 416 948 447 salit
972 419 1065 456 atque
1090 416 1229 455 claudus,

532 461 677 493 Audiunt
699 463 796 502 surdi,
823 466 1032 503 resonantque
1055 463 1133 495 muti

531 508 634 547 Hujus
659 508 700 540 ad
726 509 859 551 bustum,
886 508 1070 550 fugiensque
1095 510 1223 542 daemon

581 555 723 595 Corpora
746 557 870 595 linquit.

475 630 506 662 4.
532 629 625 669 Ecce,
646 631 712 669 jam
738 632 824 671 qu‘us
849 632 1051 664 memoranda
1073 635 1161 672 gesta

532 677 605 709 Non
629 680 746 716 queunt
768 678 894 718 linguae
917 687 1063 711 resonore
1087 679 1180 718 plene

533 723 612 763 Ejus
636 724 778 764 ingentes
804 733 916 757 canere
940 729 1033 766 atque
1056 726 1165 758 laudes

580 769 680 803 Nemo
704 771 833 805 vaiebit.

475 845 505 878 5.
533 845 558 877 Ο
583 847 683 887 pater,
709 846 805 885 salve,
832 848 1011 879 venerande
1036 848 1171 889 praesul,

532 892 557 924 O
583 892 780 924 sacerdotum
807 893 901 925 decus
926 897 958 926 et
981 895 1108 933 corolla,

531 938 589 977 Qui
613 941 699 970 tuum
724 938 836 971 festum
863 948 1049 972 veneramur
1072 940 1196 981 almum,

579 985 714 1026 Protege
739 987 884 1021 clemens,

275 1048 360 1075 Brev.
383 1048 576 1076 Zamoranum
594 1050 663 1085 imp.
687 1048 765 1078 15**.

622 1188 688 1220 299.
726 1188 769 1220 De
789 1190 895 1220 saneto
915 1188 1075 1220 Indaletio.

742 1266 791 1295 Ad
809 1265 887 1304 Vesp
891 1273 963 1296 eras.

427 1341 455 1373 1.
483 1340 691 1374 Conditor
715 1343 822 1374 alme
845 1343 1042 1385 siderum,
1070 1344 1123 1383 qui
1147 1344 1271 1383 palmae

483 1387 607 1420 Sanctis
634 1390 689 1421 das
716 1390 806 1429 dona,
832 1390 922 1422 nobis
948 1394 980 1421 et
1004 1391 1156 1430 condona,

483 1434 602 1468 Canere
627 1437 724 1469 eorda
748 1437 875 1469 vocibus
902 1437 1058 1469 concorda

528 1483 582 1516 Ut
607 1486 760 1522 queant
782 1484 904 1518 laxis,

423 1558 453 1590 2.
480 1557 659 1590 Verbum
684 1568 906 1598 supernum
931 1560 1138 1599 prodiens
1164 1564 1324 1592 aetornum

481 1604 607 1637 Pastum
633 1606 758 1638 virtutis
783 1607 913 1639 verbum
939 1610 970 1638 et
993 1607 1104 1639 salutis

479 1650 544 1684 Dat
567 1652 657 1684 nobis
683 1654 767 1686 vesci
792 1662 849 1693 per
873 1657 914 1694 te,
940 1654 1086 1696 Indaleti‚

527 1699 551 1731 O
581 1699 703 1732 nimis
729 1699 846 1732 felix.

423 1775 455 1807 3.
482 1774 568 1806 Vox
592 1775 732 1817 clara,
758 1784 874 1819 ecee,
900 1776 1073 1808 intonat
1096 1779 1129 1808 et
1152 1776 1241 1809 faece

479 1821 592 1854 Traxit
616 1831 724 1854 amara
747 1831 867 1862 ponens
891 1832 948 1855 nos
972 1823 1029 1855 sub
1055 1833 1111 1857 ara

479 1869 599 1902 Tristia
622 1869 699 1910 ligni
724 1870 929 1909 praedicebat
954 1871 1040 1911 digni

530 1916 641 1955 Quod
669 1917 821 1949 chorus
846 1919 992 1950 vatum.

420 1993 451 2024 4.
477 1993 508 2025 A
533 1992 643 2025 solis
669 1996 787 2025 ortus
814 1993 993 2027 cardine
1018 1997 1154 2035 exortus,

484 2039 605 2080 Fulgor
628 2040 800 2084 illustrans,
828 2041 1021 2074 occidentem
1047 2042 1196 2084 lustrans,

480 2088 609 2127 Septem
635 2088 798 2122 doctorum
821 2098 902 2122 unus
926 2088 1101 2129 beatorum,

524 2135 614 2167 Iste
639 2134 877 2169 confessor.

418 2213 449 2245 5.
479 2211 655 2244 Vexilla
679 2213 795 2253 regis
821 2212 1040 2252 prodeunt
1063 2216 1094 2245 et
1118 2213 1195 2254 legis

475 2259 592 2293 Christi
616 2259 776 2300 Hispanos
801 2260 940 2292 animant
965 2262 1007 2293 ad
1031 2269 1123 2294 sanos

475 2308 575 2340 Actus
600 2316 660 2348 per
685 2307 771 2340 dicta
794 2308 906 2340 horum
931 2310 963 2339 et
986 2308 1105 2341 invicta

520 2355 669 2397 Hujus,
695 2365 712 2388 0
739 2355 919 2390 Christe.
