1651 2518
697 111 954 145 —263—

183 202 214 233 3.
240 202 344 242 Hujus
375 206 535 235 crescente
560 213 691 245 corpore
862 207 893 238 5.
919 206 1006 237 Auro
1032 204 1155 244 fulgens
1181 206 1328 246 exterius,

242 249 366 281 Decens
390 250 539 282 laudatur
564 252 733 293 quantitas,
918 253 956 284 In
982 260 1076 283 carne
1098 260 1221 282 crucem
1246 252 1400 291 baJ'ulanS,

243 295 412 328 Crescebat
437 296 505 328 sine
526 299 670 337 tempore
918 298 1043 330 Christo
1067 298 1173 337 placet
1196 298 1339 339 interius,

239 342 377 381 Tempus
402 351 464 373 non
489 351 622 383 sequens
649 344 776 376 caritas,
916 344 1020 375 Bonos
1045 345 1078 375 in
1102 344 1194 376 bonis
1218 346 1388 377 aemulans.

181 427 212 458 4.
239 425 423 457 Intellectus
448 426 616 468 subtilitas,
857 428 887 459 6.
914 427 1002 466 Quod
1027 427 1131 466 patuit
1154 428 1187 459 in
1210 431 1373 467 posterum

239 472 344 504 Decor
367 472 634 512 incomparabilis,
913 474 976 505 Per
1001 474 1067 513 eJus
1093 473 1179 505 facta
1203 475 1337 515 singula,

238 519 275 551 In
300 519 360 550 hac
384 522 510 551 sensata
534 519 683 559 gravit-as,
912 521 980 552 Iter
1005 521 1145 552 ostendit
1167 530 1357 561 prosperum

242 566 351 598 Sermo
376 566 475 598 dulcis
501 569 533 597 et
556 566 690 598 stabilis.
914 568 1020 606 Atque
1043 567 1180 598 bibentis
1205 568 1328 607 pocula.

579 643 609 675 7.
636 641 764 674 Clarum
787 644 953 681 praestans
979 651 1017 673 ex
1041 642 1158 686 nubilo,

631 688 717 730 Jesu,
742 697 910 728 precamur
934 689 1104 731 supplices,

629 735 755 768 Laudes
783 736 892 768 dantes
919 745 988 768 cum
1010 736 1112 775 Jubilo

631 783 668 814 In
692 783 782 814 bonis
803 792 860 815 nos
884 784 1085 823 multiplices.

253 859 336 886 Brev.
357 858 515 895 Sigenense
541 858 610 894 imp.
632 858 881 894 Caesaraugustae
903 856 983 886 1547.
1004 872 1042 877 —
1065 856 1088 892 1,
1115 856 1133 884 2
1152 858 1332 887 Britanniae.
1353 874 1390 878 —
1410 857 1436 894 3,
1460 858 1474 886 1

182 899 328 924 crescente
346 899 482 932 tempore.
503 912 540 916 —
560 895 586 930 7,
606 893 624 922 2
645 896 754 924 Jesum.

613 1043 682 1074 460.
723 1043 766 1074 De
785 1044 895 1074 sancta
914 1043 1037 1075 Ursula.

695 1129 743 1158 Ad
762 1129 951 1159 Nocturnum.

181 1219 212 1251 1.
237 1218 276 1250 In
301 1218 374 1249 aula
397 1217 498 1257 patris
521 1217 630 1256 utique
856 1219 888 1251 4.
916 1218 985 1250 Nec
1007 1227 1097 1250 mora
1120 1228 1253 1259 sponsus
1278 1219 1413 1260 perficit,

235 1264 369 1297 Manens
394 1263 480 1297 fatur
508 1263 646 1302 subtilia,
913 1265 1072 1305 Quidquid
1097 1266 1232 1307 injungit
1254 1266 1383 1306 Ursula,

239 1311 339 1343 Fama
363 1312 509 1352 vulgatur
533 1311 673 1350 undiquc
914 1313 1047 1344 Tractus
1073 1322 1180 1345 amore
1203 1313 1331 1353 proficit

237 1359 286 1390 De
309 1362 398 1391 tanta
420 1359 503 1399 regis
528 1357 604 1390 filia.
914 1360 1004 1392 Vana
1032 1363 1232 1392 contemnens
1257 1361 1354 1394 idola.

179 1446 211 1477 2.
236 1445 349 1476 Pulsat
373 1444 511 1483 puellam
536 1442 683 1482 precibus
857 1446 886 1478 5.
911 1446 983 1478 Jam
1009 1445 1212 1485 conglobatas
1236 1446 1359 1485 pariter

239 1491 314 1522 Alto
339 1489 465 1522 functus
492 1490 622 1522 consilio
914 1492 1060 1531 Virgines
1084 1492 1153 1523 Deo
1180 1492 1316 1535 dedicat,

240 1537 317 1569 Cum
341 1537 477 1576 satrapis
503 1539 535 1568 et
559 1536 690 1568 ducibus
913 1538 1037 1569 Dehinc
1060 1539 1224 1570 credentes
1249 1538 1382 1570 firmiter

238 1584 307 1616 Rex
332 1584 467 1624 Angliae
491 1592 549 1622 pro
572 1582 648 1614 filio.
913 1585 985 1616 Pati
1009 1594 1067 1624 pro
1094 1585 1218 1617 Christo
1243 1586 1417 1625 praedicat.

182 1671 212 1702 3.
240 1669 356 1701 Sancta
377 1668 481 1708 poscit
503 1668 656 1708 inducias,
858 1670 888 1701 6.
916 1669 1043 1702 Clarum
1068 1672 1232 1708 praestans
1256 1678 1294 1700 ex
1319 1670 1436 1709 nubilo,

240 1716 395 1755 Sponsum
420 1715 521 1747 lavari
545 1713 682 1755 flumine,
915 1716 992 1748 Jesu
1015 1724 1183 1755 precamur
1207 1717 1377 1756 supplices,

239 1763 350 1795 Plures
375 1763 508 1802 pudicas
534 1763 635 1793 socias
915 1762 1040 1794 Laudes
1067 1763 1176 1794 dantes
1204 1771 1273 1793 cum
1294 1763 1395 1802 ¹jubilo

239 1810 355 1842 Sancto
380 1811 522 1850 spirante
545 1808 680 1843 fiamine.
916 1810 953 1841 In
979 1809 1069 1840 bonis
1094 1818 1150 1840 nos
1178 1810 1378 1849 multiplices.

256 1886 341 1913 Brev.
361 1885 520 1922 Sigenense
539 1886 609 1919 imp.
631 1884 880 1920 Caesaraugustae
899 1882 981 1911 1547.

622 2041 683 2073 461.
724 2041 768 2072 De
789 2041 898 2072 sancta
916 2040 1039 2072 Ursula.

738 2127 786 2157 Ad
803 2126 929 2158 Laudes.

179 2222 208 2255 1.
238 2222 366 2254 Intrans
388 2219 521 2252 Maurus
549 2218 702 2259 palatium
858 2218 887 2248 2.
915 2215 965 2248 Sis
991 2215 1168 2255 exemplum
1192 2214 1376 2254 munditiae,

234 2269 327 2301 Dixit
351 2268 492 2300 salutans
516 2266 630 2299 filiam:
912 2264 950 2297 In
974 2265 1006 2294 te
1031 2263 1075 2295 sit
1099 2262 1199 2294 omnis
1223 2262 1356 2304 puritas,

235 2316 340 2358 Nunc,
365 2316 504 2356 patrium
529 2313 685 2352 solatium,
912 2311 1049 2351 Propter
1073 2310 1172 2350 legem
1195 2309 1337 2349 ,iustitiae

239 2363 415 2404 Transibis,
440 2363 511 2406 heu,
538 2362 571 2394 in
597 2360 744 2393 Galliam.
914 2358 986 2390 Non
1010 2358 1163 2390 moriatur
1186 2357 1299 2397 pietas.
