1651 2518
707 130 961 166 —273—

188 220 218 254 7.
243 221 331 265 Tuis,
358 222 516 264 Vincenti,
541 225 690 264 precibus
866 229 896 261 8.
922 228 990 260 Deo
1014 230 1100 268 patri
1125 238 1193 261 cum
1217 229 1281 262 filio

244 268 322 311 Fac,
347 271 384 301 ut
407 272 587 303 sanctorum
612 274 752 306 coetibus
923 275 972 307 Sit
995 275 1104 319 honor,
1131 273 1231 309 Virtus
1253 277 1384 316 proprio

243 315 417 356 Jungamur
443 318 545 350 crucis
569 321 682 352 merito
922 322 1172 363 Procedentique
1194 324 1302 355 inclito

244 362 354 403 Regno
380 365 536 396 coelorum
560 366 689 400 tradito.
918 369 970 400 Ab
996 372 1128 410 utroque
1151 370 1315 409 paraclito.

182 428 549 493 CQISOIZZZZiSfJelsonense
573 431 642 466 imp.
670 431 918 468 Caesaraugustae
944 431 1026 461 1514.
1052 449 1091 454 —-
1116 434 1277 462 Verfasser:
1309 435 1477 470 Anonymus

594 557 660 590 478.
697 559 741 591 Ι)6
761 561 867 591 sancto
887 560 1056 592 Vincentio.

700 626 748 655 Ad
766 626 954 656 Nocturnum.

452 692 482 724 1.
509 693 683 725 Praecelsis
708 694 855 726 laudibus
879 696 997 735 psallat
1021 696 1154 729 ecclesia

505 739 636 772 Devotis
660 741 816 773 mentibus
842 742 937 782 digna
959 744 1129 782 praeconia

507 786 623 818 Summi
648 788 793 827 martyrii
812 789 914 820 sancti
940 789 1104 832 vincentii,

552 833 609 872 Qui
633 834 750 867 Christi
770 835 847 866 vicit
871 835 1020 875 perfidos.

448 899 480 930 2.
506 898 643 932 Virtutis
667 900 799 939 actibus,
825 901 940 932 mentis
967 902 1145 934 constantia

505 945 613 977 Saevit
636 947 817 987 tortoribus,
843 947 915 978 tulit
938 948 1093 987 supplicia

505 992 642 1025 Obvians
666 995 798 1033 praemii
823 994 901 1025 coeli
927 994 1044 1034 egregii

550 1056 596 1062 —-
621 1057 664 1062 -—
690 1058 738 1062 —
761 1041 883 1080 spernit
905 1041 1041 1073 invidos.

442 1105 473 1136 3.
500 1104 618 1136 videns
642 1106 802 1138 Valerium
827 1104 972 1138 conferre
996 1106 1121 1146 tepide:

500 1152 538 1183 In
563 1160 614 1182 me
638 1153 826 1192 colloquium
852 1155 1007 1194 converte,
1031 1153 1142 1186 rabide

498 1198 603 1238 Oanis,
630 1200 764 1232 audacia
789 1200 884 1239 pleno
910 1200 1032 1231 malitia

543 1245 685 1278 Daciano
709 1247 755 1278 sic
779 1247 894 1278 intulit.

438 1313 469 1343 4.
494 1312 627 1343 Praeses
650 1312 800 1343 militibus
824 1312 961 1343 stridore
986 1312 1140 1346 dentium:

495 1358 608 1390 Poenis
634 1359 792 1391 atrocibus
818 1360 878 1390 cito
903 1358 1102 1391 Vincentium

493 1405 655 1437 Rebellem
679 1406 799 1437 tradite
823 1408 855 1437 et
878 1406 942 1437 alto
966 1406 1074 1445 ponite

539 1452 578 1484 In
602 1454 743 1493 equuleo,
769 1453 910 1492 protulit.

435 1518 465 1549 5.
495 1517 616 1556 Corpus
640 1517 781 1550 inficitur
805 1517 964 1557 sanguinis
988 1517 1129 1560 maculis,

491 1563 571 1595 Caro
596 1565 737 1596 exuritur
760 1563 892 1596 fervidis
917 1563 1030 1603 tegulis

489 1611 595 1650 Atque
618 1612 788 1643 attrahitur
812 1611 940 1643 nudatis
965 1609 1087 1642 ossibus

533 1657 578 1689 Et
601 1659 705 1690 mollis
726 1659 826 1689 lectus
852 1658 1013 1690 sternitur.

432 1724 463 1756 6.
488 1724 542 1756 Ad
568 1724 687 1756 coelum
712 1724 842 1764 spiritus
867 1724 954 1755 volat
978 1731 1048 1754 cum
1072 1723 1196 1764 gaudio,

488 1771 552 1811 Quo
577 1772 692 1811 gaudet
718 1771 848 1803 coelitus
873 1772 1052 1802 sanctorum
1077 1771 1194 1811 concio,

487 1818 549 1850 Sed
576 1827 690 1859 corpus
714 1819 853 1850 traditur
877 1816 954 1849 feris
980 1819 1012 1848 et
1034 1818 1162 1856 ponitur

531 1866 637 1909 Agris
664 1875 757 1899 corvo
781 1864 971 1897 defenditur.

427 1933 457 1965 7.
484 1932 639 1974 Vincenti,
665 1933 779 1972 recole,
804 1935 840 1963 ut
863 1931 924 1962 tuis
948 1929 1096 1969 precibus

485 1979 555 2011 Sint
579 1988 703 2020 semper
727 1979 849 2011 incolae
876 1977 986 2010 fideles
1011 1977 1132 2011 civibus

481 2028 633 2060 Goelestis
657 2028 790 2068 patriae,
816 2033 971 2065 supernae
995 2025 1116 2065 gratiae

527 2074 618 2107 Dono
642 2076 798 2107 laetentur
821 2073 966 2106 Domino.

420 2143 451 2176 8.
477 2141 572 2184 Laus,
599 2141 778 2174 benedictio
802 2140 845 2172 sit
867 2149 887 2171 a
910 2138 1057 2171 fidelibus

475 2189 564 2222 Patri
590 2191 622 2220 et
644 2188 710 2222 filio
734 2191 820 2220 recte
845 2185 1055 2229 credentibUS,

478 2238 644 2269 Pneumati
668 2237 778 2279 gloria,
806 2234 934 2267 coelesti
957 2233 1062 2274 patria

523 2285 583 2324 Qui
606 2288 719 2326 regnat
740 2284 808 2317 sine
831 2282 975 2315 termino.

218 2349 303 2376 Brev.
329 2350 505 2378 Gelsonense
533 2353 602 2387 imp.
628 2352 878 2388 Caesaraugustae
905 2346 987 2377 1514.
1013 2363 1050 2367 —
1074 2349 1240 2378 Verfasser:
1271 2350 1440 2386 Anonymus

144 2385 337 2415 Celsonensis.
358 2403 393 2407 —-
413 2387 440 2424 4,
460 2387 480 2416 4
498 2389 534 2417 In
552 2389 633 2417 fehlt.

197 2437 320 2465 Dreves,
334 2438 469 2467 Hymnodia
480 2439 600 2463 Hiberica,
1237 2438 1271 2470 18
