<?xml version="1.0" encoding="UTF-8"?>
<!DOCTYPE html PUBLIC "-//W3C//DTD XHTML 1.0 Transitional//EN"
    "http://www.w3.org/TR/xhtml1/DTD/xhtml1-transitional.dtd">
<html xmlns="http://www.w3.org/1999/xhtml" xml:lang="en" lang="en">
 <head>
  <title>
</title>
<meta http-equiv="Content-Type" content="text/html;charset=utf-8" />
  <meta name='ocr-system' content='tesseract 3.04.00' />
  <meta name='ocr-capabilities' content='ocr_page ocr_carea ocr_par ocr_line ocrx_word'/>
</head>
<body>
  <div class='ocr_page' id='page_1' title='image "./analectahymnica16drevuoft_00248.png"; bbox 0 0 1651 2518; ppageno 0'>
   <div class='ocr_carea' id='block_1_1' title="bbox 666 91 920 127">
    <p class='ocr_par' dir='ltr' id='par_1_1' title="bbox 666 91 920 127">
     <span class='ocr_line' id='line_1_1' title="bbox 666 91 920 127; baseline 0.004 -1"><span class='ocrx_word' id='word_1_1' title='bbox 666 91 920 127; x_wconf 83' lang='lat'>-245—</span> 
     </span>
    </p>
   </div>
   <div class='ocr_carea' id='block_1_2' title="bbox 149 185 738 226">
    <p class='ocr_par' dir='ltr' id='par_1_2' title="bbox 149 185 738 226">
     <span class='ocr_line' id='line_1_2' title="bbox 149 185 738 226; baseline 0.005 -9"><span class='ocrx_word' id='word_1_2' title='bbox 149 188 178 218; x_wconf 87' lang='grc'>5.</span> <span class='ocrx_word' id='word_1_3' title='bbox 206 185 300 217; x_wconf 85' lang='lat' dir='ltr'>Nunc</span> <span class='ocrx_word' id='word_1_4' title='bbox 324 189 431 226; x_wconf 88' lang='lat' dir='ltr'>spreto</span> <span class='ocrx_word' id='word_1_5' title='bbox 457 195 588 226; x_wconf 78' lang='lat' dir='ltr'>nequam</span> <span class='ocrx_word' id='word_1_6' title='bbox 614 188 738 220; x_wconf 77' lang='lat' dir='ltr'>saeculo</span> 
     </span>
    </p>
   </div>
   <div class='ocr_carea' id='block_1_3' title="bbox 204 232 618 367">
    <p class='ocr_par' dir='ltr' id='par_1_3' title="bbox 204 232 618 367">
     <span class='ocr_line' id='line_1_3' title="bbox 206 232 587 273; baseline 0.003 -9"><span class='ocrx_word' id='word_1_7' title='bbox 206 232 293 264; x_wconf 87' lang='lat' dir='ltr'>Coeli</span> <span class='ocrx_word' id='word_1_8' title='bbox 317 234 434 273; x_wconf 81' lang='lat' dir='ltr'>gaudet</span> <span class='ocrx_word' id='word_1_9' title='bbox 457 233 587 272; x_wconf 80' lang='lat' dir='ltr'>palatio,</span> 
     </span>
     <span class='ocr_line' id='line_1_4' title="bbox 204 280 618 321; baseline 0.002 -10"><span class='ocrx_word' id='word_1_10' title='bbox 204 280 332 312; x_wconf 79' lang='lat' dir='ltr'><strong>Iunctus</strong></span> <span class='ocrx_word' id='word_1_11' title='bbox 358 280 452 312; x_wconf 86' lang='lat' dir='ltr'>choro</span> <span class='ocrx_word' id='word_1_12' title='bbox 477 281 618 321; x_wconf 82' lang='lat' dir='ltr'>angelico</span> 
     </span>
     <span class='ocr_line' id='line_1_5' title="bbox 207 326 612 367; baseline 0.005 -10"><span class='ocrx_word' id='word_1_13' title='bbox 207 326 322 365; x_wconf 83' lang='lat' dir='ltr'>Magno</span> <span class='ocrx_word' id='word_1_14' title='bbox 348 326 464 359; x_wconf 81' lang='lat' dir='ltr'><strong>fruitur</strong></span> <span class='ocrx_word' id='word_1_15' title='bbox 488 327 612 367; x_wconf 83' lang='lat' dir='ltr'>gaudio.</span> 
     </span>
    </p>
   </div>
   <div class='ocr_carea' id='block_1_4' title="bbox 824 185 1277 359">
    <p class='ocr_par' dir='ltr' id='par_1_4' title="bbox 824 185 1277 359">
     <span class='ocr_line' id='line_1_6' title="bbox 824 185 1271 225; baseline -0.009 -6"><span class='ocrx_word' id='word_1_16' title='bbox 824 188 854 220; x_wconf 86' lang='grc'>6.</span> <span class='ocrx_word' id='word_1_17' title='bbox 878 187 979 225; x_wconf 89' lang='lat' dir='ltr'>Hujus</span> <span class='ocrx_word' id='word_1_18' title='bbox 1009 195 1082 225; x_wconf 84' lang='lat' dir='ltr'>ergo</span> <span class='ocrx_word' id='word_1_19' title='bbox 1108 185 1271 217; x_wconf 84' lang='lat' dir='ltr'>Prudentii</span> 
     </span>
     <span class='ocr_line' id='line_1_7' title="bbox 882 231 1277 271; baseline -0.01 -5"><span class='ocrx_word' id='word_1_20' title='bbox 882 232 1006 266; x_wconf 71' lang='lat' dir='ltr'>suffulti</span> <span class='ocrx_word' id='word_1_21' title='bbox 1029 241 1085 264; x_wconf 89' lang='lat' dir='ltr'>nos</span> <span class='ocrx_word' id='word_1_22' title='bbox 1110 231 1277 271; x_wconf 77' lang='lat' dir='ltr'>suffragiis,</span> 
     </span>
     <span class='ocr_line' id='line_1_8' title="bbox 882 278 1266 320; baseline -0.01 -8"><span class='ocrx_word' id='word_1_23' title='bbox 882 281 960 320; x_wconf 87' lang='lat' dir='ltr'>Ejus</span> <span class='ocrx_word' id='word_1_24' title='bbox 986 280 1070 312; x_wconf 83' lang='lat' dir='ltr'>docti</span> <span class='ocrx_word' id='word_1_25' title='bbox 1095 278 1266 319; x_wconf 84' lang='lat' dir='ltr'>prudentia</span> 
     </span>
     <span class='ocr_line' id='line_1_9' title="bbox 884 325 1277 359; baseline -0.01 0"><span class='ocrx_word' id='word_1_26' title='bbox 884 327 1038 359; x_wconf 89' lang='lat' dir='ltr'>Vehamur</span> <span class='ocrx_word' id='word_1_27' title='bbox 1062 327 1102 358; x_wconf 89' lang='lat' dir='ltr'>ad</span> <span class='ocrx_word' id='word_1_28' title='bbox 1128 325 1277 357; x_wconf 84' lang='lat' dir='ltr'>coelestia</span> 
     </span>
    </p>
   </div>
   <div class='ocr_carea' id='block_1_5' title="bbox 548 393 1108 433">
    <p class='ocr_par' dir='ltr' id='par_1_5' title="bbox 548 393 1108 433">
     <span class='ocr_line' id='line_1_10' title="bbox 548 393 1108 433; baseline 0.002 -8"><span class='ocrx_word' id='word_1_29' title='bbox 548 394 577 425; x_wconf 86' lang='lat'>7.</span> <span class='ocrx_word' id='word_1_30' title='bbox 605 393 806 433; x_wconf 74' lang='lat' dir='ltr'>QuaesumuS‚</span> <span class='ocrx_word' id='word_1_31' title='bbox 833 396 941 425; x_wconf 83' lang='lat' dir='ltr'><strong>auctor</strong></span> <span class='ocrx_word' id='word_1_32' title='bbox 964 393 1108 426; x_wconf 89' lang='lat' dir='ltr'>omnium.</span> 
     </span>
    </p>
   </div>
   <div class='ocr_carea' id='block_1_6' title="bbox 227 463 1184 503">
    <p class='ocr_par' dir='ltr' id='par_1_6' title="bbox 227 463 1184 503">
     <span class='ocr_line' id='line_1_11' title="bbox 227 463 1184 503; baseline -0.001 -10"><span class='ocrx_word' id='word_1_33' title='bbox 227 467 311 493; x_wconf 81' lang='lat' dir='ltr'>Brev.</span> <span class='ocrx_word' id='word_1_34' title='bbox 333 465 586 502; x_wconf 77' lang='lat' dir='ltr'>Calagurritanum</span> <span class='ocrx_word' id='word_1_35' title='bbox 607 470 636 494; x_wconf 85' lang='lat' dir='ltr'>et</span> <span class='ocrx_word' id='word_1_36' title='bbox 655 466 838 495; x_wconf 80' lang='lat' dir='ltr'>Calciatense</span> <span class='ocrx_word' id='word_1_37' title='bbox 857 468 924 503; x_wconf 87' lang='lat' dir='ltr'><strong>imp.</strong></span> <span class='ocrx_word' id='word_1_38' title='bbox 944 466 1083 494; x_wconf 72' lang='lat' dir='ltr'>Lucronii</span> <span class='ocrx_word' id='word_1_39' title='bbox 1105 463 1184 493; x_wconf 84' lang='lat'>1543.</span> 
     </span>
    </p>
   </div>
   <div class='ocr_carea' id='block_1_7' title="bbox 566 603 1038 637">
    <p class='ocr_par' dir='ltr' id='par_1_7' title="bbox 566 603 1038 637">
     <span class='ocr_line' id='line_1_12' title="bbox 566 603 1038 637; baseline -0.002 -1"><span class='ocrx_word' id='word_1_40' title='bbox 566 605 633 636; x_wconf 82' lang='lat'>427.</span> <span class='ocrx_word' id='word_1_41' title='bbox 673 605 716 636; x_wconf 80' lang='lat' dir='ltr'>De</span> <span class='ocrx_word' id='word_1_42' title='bbox 736 606 842 637; x_wconf 81' lang='lat' dir='ltr'>sancto</span> <span class='ocrx_word' id='word_1_43' title='bbox 863 603 1038 636; x_wconf 85' lang='lat' dir='ltr'>Prudentio.</span> 
     </span>
    </p>
   </div>
   <div class='ocr_carea' id='block_1_8' title="bbox 671 680 926 711">
    <p class='ocr_par' dir='ltr' id='par_1_8' title="bbox 671 680 926 711">
     <span class='ocr_line' id='line_1_13' title="bbox 671 680 926 711; baseline 0.004 -1"><span class='ocrx_word' id='word_1_44' title='bbox 671 680 719 710; x_wconf 87' lang='lat' dir='ltr'>Ad</span> <span class='ocrx_word' id='word_1_45' title='bbox 737 680 926 711; x_wconf 79' lang='lat' dir='ltr'><strong>Nocturnum.</strong></span> 
     </span>
    </p>
   </div>
   <div class='ocr_carea' id='block_1_9' title="bbox 153 758 657 933">
    <p class='ocr_par' dir='ltr' id='par_1_9' title="bbox 153 758 657 933">
     <span class='ocr_line' id='line_1_14' title="bbox 153 758 514 792; baseline -0.008 0"><span class='ocrx_word' id='word_1_46' title='bbox 153 760 183 792; x_wconf 91' lang='lat'>1.</span> <span class='ocrx_word' id='word_1_47' title='bbox 211 758 375 791; x_wconf 86' lang='lat' dir='ltr'>Prudentii</span> <span class='ocrx_word' id='word_1_48' title='bbox 400 758 514 790; x_wconf 85' lang='lat' dir='ltr'>militia</span> 
     </span>
     <span class='ocr_line' id='line_1_15' title="bbox 209 805 610 847; baseline -0.002 -10"><span class='ocrx_word' id='word_1_49' title='bbox 209 805 386 837; x_wconf 75' lang='lat' dir='ltr'><strong>Prudenter</strong></span> <span class='ocrx_word' id='word_1_50' title='bbox 410 806 474 846; x_wconf 83' lang='lat' dir='ltr'>egit</span> <span class='ocrx_word' id='word_1_51' title='bbox 498 805 610 847; x_wconf 82' lang='lat' dir='ltr'>omnia,</span> 
     </span>
     <span class='ocr_line' id='line_1_16' title="bbox 209 851 657 885; baseline -0.004 0"><span class='ocrx_word' id='word_1_52' title='bbox 209 852 353 885; x_wconf 85' lang='lat' dir='ltr'><strong>Prudens</strong></span> <span class='ocrx_word' id='word_1_53' title='bbox 378 851 482 884; x_wconf 84' lang='lat' dir='ltr'>factus</span> <span class='ocrx_word' id='word_1_54' title='bbox 507 853 657 885; x_wconf 85' lang='lat' dir='ltr'>coelicola</span> 
     </span>
     <span class='ocr_line' id='line_1_17' title="bbox 208 899 604 933; baseline 0.005 -2"><span class='ocrx_word' id='word_1_55' title='bbox 208 900 358 932; x_wconf 85' lang='lat' dir='ltr'>Pervenit</span> <span class='ocrx_word' id='word_1_56' title='bbox 377 900 421 931; x_wconf 85' lang='lat' dir='ltr'>ad</span> <span class='ocrx_word' id='word_1_57' title='bbox 445 899 604 933; x_wconf 80' lang='lat' dir='ltr'>coelestia.</span> 
     </span>
    </p>
   </div>
   <div class='ocr_carea' id='block_1_10' title="bbox 153 963 736 1004">
    <p class='ocr_par' dir='ltr' id='par_1_10' title="bbox 153 963 736 1004">
     <span class='ocr_line' id='line_1_18' title="bbox 153 963 736 1004; baseline -0.005 -7"><span class='ocrx_word' id='word_1_58' title='bbox 153 967 184 997; x_wconf 83' lang='lat'>2.</span> <span class='ocrx_word' id='word_1_59' title='bbox 212 965 274 997; x_wconf 91' lang='lat' dir='ltr'>Per</span> <span class='ocrx_word' id='word_1_60' title='bbox 294 973 385 1004; x_wconf 88' lang='lat' dir='ltr'>quem</span> <span class='ocrx_word' id='word_1_61' title='bbox 411 973 479 996; x_wconf 88' lang='lat' dir='ltr'>cum</span> <span class='ocrx_word' id='word_1_62' title='bbox 504 964 590 996; x_wconf 89' lang='lat' dir='ltr'>Deus</span> <span class='ocrx_word' id='word_1_63' title='bbox 616 963 736 995; x_wconf 81' lang='lat' dir='ltr'><strong>fecerat</strong></span> 
     </span>
    </p>
   </div>
   <div class='ocr_carea' id='block_1_11' title="bbox 209 1011 640 1145">
    <p class='ocr_par' dir='ltr' id='par_1_11' title="bbox 209 1011 640 1145">
     <span class='ocr_line' id='line_1_19' title="bbox 209 1011 640 1049; baseline -0.005 -6"><span class='ocrx_word' id='word_1_64' title='bbox 209 1012 315 1043; x_wconf 83' lang='lat' dir='ltr'>Multa</span> <span class='ocrx_word' id='word_1_65' title='bbox 338 1012 454 1043; x_wconf 78' lang='lat' dir='ltr'>mundo</span> <span class='ocrx_word' id='word_1_66' title='bbox 479 1011 640 1049; x_wconf 84' lang='lat' dir='ltr'>miracula,</span> 
     </span>
     <span class='ocr_line' id='line_1_20' title="bbox 213 1057 609 1090; baseline -0.005 0"><span class='ocrx_word' id='word_1_67' title='bbox 213 1058 288 1090; x_wconf 90' lang='lat' dir='ltr'>Cum</span> <span class='ocrx_word' id='word_1_68' title='bbox 313 1058 406 1090; x_wconf 86' lang='lat' dir='ltr'>sociis</span> <span class='ocrx_word' id='word_1_69' title='bbox 431 1058 471 1090; x_wconf 90' lang='lat' dir='ltr'>ad</span> <span class='ocrx_word' id='word_1_70' title='bbox 498 1057 609 1089; x_wconf 83' lang='lat' dir='ltr'>funera</span> 
     </span>
     <span class='ocr_line' id='line_1_21' title="bbox 210 1105 603 1145; baseline 0 -8"><span class='ocrx_word' id='word_1_71' title='bbox 210 1105 333 1137; x_wconf 86' lang='lat' dir='ltr'>Eadem</span> <span class='ocrx_word' id='word_1_72' title='bbox 358 1105 435 1137; x_wconf 82' lang='lat' dir='ltr'>fecit</span> <span class='ocrx_word' id='word_1_73' title='bbox 458 1105 603 1145; x_wconf 84' lang='lat' dir='ltr'>plurima.</span> 
     </span>
    </p>
   </div>
   <div class='ocr_carea' id='block_1_12' title="bbox 152 1170 715 1211">
    <p class='ocr_par' dir='ltr' id='par_1_12' title="bbox 152 1170 715 1211">
     <span class='ocr_line' id='line_1_22' title="bbox 152 1170 715 1211; baseline -0.005 -8"><span class='ocrx_word' id='word_1_74' title='bbox 152 1172 182 1204; x_wconf 82' lang='lat'>3.</span> <span class='ocrx_word' id='word_1_75' title='bbox 211 1171 290 1202; x_wconf 85' lang='lat' dir='ltr'>Nam</span> <span class='ocrx_word' id='word_1_76' title='bbox 317 1172 389 1203; x_wconf 88' lang='lat' dir='ltr'>dum</span> <span class='ocrx_word' id='word_1_77' title='bbox 416 1171 509 1202; x_wconf 87' lang='lat' dir='ltr'>cubat</span> <span class='ocrx_word' id='word_1_78' title='bbox 532 1171 564 1202; x_wconf 92' lang='lat' dir='ltr'>in</span> <span class='ocrx_word' id='word_1_79' title='bbox 589 1170 715 1211; x_wconf 83' lang='lat' dir='ltr'>lectulo,</span> 
     </span>
    </p>
   </div>
   <div class='ocr_carea' id='block_1_13' title="bbox 208 1218 654 1352">
    <p class='ocr_par' dir='ltr' id='par_1_13' title="bbox 208 1218 654 1352">
     <span class='ocr_line' id='line_1_23' title="bbox 213 1218 639 1255; baseline -0.005 -5"><span class='ocrx_word' id='word_1_80' title='bbox 213 1219 329 1250; x_wconf 87' lang='lat' dir='ltr'>Videns</span> <span class='ocrx_word' id='word_1_81' title='bbox 354 1219 463 1249; x_wconf 87' lang='lat' dir='ltr'>mortis</span> <span class='ocrx_word' id='word_1_82' title='bbox 488 1218 639 1255; x_wconf 84' lang='lat' dir='ltr'>aculeum,</span> 
     </span>
     <span class='ocr_line' id='line_1_24' title="bbox 208 1265 622 1307; baseline -0.002 -11"><span class='ocrx_word' id='word_1_83' title='bbox 208 1265 432 1307; x_wconf 86' lang='lat' dir='ltr'>Interrogatur⁷</span> <span class='ocrx_word' id='word_1_84' title='bbox 458 1265 622 1304; x_wconf 85' lang='lat' dir='ltr'>proprium</span> 
     </span>
     <span class='ocr_line' id='line_1_25' title="bbox 213 1312 654 1352; baseline -0.007 -7"><span class='ocrx_word' id='word_1_85' title='bbox 213 1312 277 1345; x_wconf 83' lang='lat' dir='ltr'>Ubi</span> <span class='ocrx_word' id='word_1_86' title='bbox 303 1317 471 1352; x_wconf 85' lang='lat' dir='ltr'>componat</span> <span class='ocrx_word' id='word_1_87' title='bbox 494 1312 654 1343; x_wconf 89' lang='lat' dir='ltr'>tumulum.</span> 
     </span>
    </p>
   </div>
   <div class='ocr_carea' id='block_1_14' title="bbox 153 1376 688 1558">
    <p class='ocr_par' dir='ltr' id='par_1_14' title="bbox 153 1376 688 1558">
     <span class='ocr_line' id='line_1_26' title="bbox 153 1376 619 1416; baseline -0.006 -6"><span class='ocrx_word' id='word_1_88' title='bbox 153 1380 185 1411; x_wconf 80' lang='lat'>4.</span> <span class='ocrx_word' id='word_1_89' title='bbox 212 1376 254 1409; x_wconf 85' lang='lat' dir='ltr'>Se</span> <span class='ocrx_word' id='word_1_90' title='bbox 276 1377 478 1416; x_wconf 79' lang='lat' dir='ltr'>respondisse</span> <span class='ocrx_word' id='word_1_91' title='bbox 503 1377 619 1408; x_wconf 80' lang='lat' dir='ltr'>dicitur</span> 
     </span>
     <span class='ocr_line' id='line_1_27' title="bbox 211 1422 579 1463; baseline -0.003 -7"><span class='ocrx_word' id='word_1_92' title='bbox 211 1424 337 1463; x_wconf 82' lang='lat' dir='ltr'>Pelagio</span> <span class='ocrx_word' id='word_1_93' title='bbox 363 1426 394 1455; x_wconf 84' lang='lat' dir='ltr'>et</span> <span class='ocrx_word' id='word_1_94' title='bbox 418 1422 579 1462; x_wconf 81' lang='lat' dir='ltr'>fratribus,</span> 
     </span>
     <span class='ocr_line' id='line_1_28' title="bbox 208 1469 684 1503; baseline -0.002 -1"><span class='ocrx_word' id='word_1_95' title='bbox 208 1472 324 1503; x_wconf 80' lang='lat' dir='ltr'>Adhuc</span> <span class='ocrx_word' id='word_1_96' title='bbox 348 1472 422 1503; x_wconf 84' lang='lat' dir='ltr'>dum</span> <span class='ocrx_word' id='word_1_97' title='bbox 446 1470 543 1502; x_wconf 80' lang='lat' dir='ltr'>verbo</span> <span class='ocrx_word' id='word_1_98' title='bbox 567 1469 684 1502; x_wconf 80' lang='lat' dir='ltr'>fruitur</span> 
     </span>
     <span class='ocr_line' id='line_1_29' title="bbox 211 1518 688 1558; baseline 0 -8"><span class='ocrx_word' id='word_1_99' title='bbox 211 1518 395 1558; x_wconf 85' lang='lat' dir='ltr'>Sortemque</span> <span class='ocrx_word' id='word_1_100' title='bbox 418 1518 528 1550; x_wconf 82' lang='lat' dir='ltr'>mortis</span> <span class='ocrx_word' id='word_1_101' title='bbox 552 1518 688 1557; x_wconf 87' lang='lat' dir='ltr'>patitur:</span> 
     </span>
    </p>
   </div>
   <div class='ocr_carea' id='block_1_15' title="bbox 153 1583 631 1765">
    <p class='ocr_par' dir='ltr' id='par_1_15' title="bbox 153 1583 631 1765">
     <span class='ocr_line' id='line_1_30' title="bbox 153 1583 631 1624; baseline -0.006 -8"><span class='ocrx_word' id='word_1_102' title='bbox 153 1586 183 1616; x_wconf 76' lang='lat'>5.</span> <span class='ocrx_word' id='word_1_103' title='bbox 212 1583 332 1624; x_wconf 83' lang='lat' dir='ltr'>Corpus</span> <span class='ocrx_word' id='word_1_104' title='bbox 356 1583 447 1623; x_wconf 84' lang='lat' dir='ltr'>panis</span> <span class='ocrx_word' id='word_1_105' title='bbox 471 1583 631 1621; x_wconf 85' lang='lat' dir='ltr'>involvite,</span> 
     </span>
     <span class='ocr_line' id='line_1_31' title="bbox 208 1630 577 1670; baseline -0.003 -8"><span class='ocrx_word' id='word_1_106' title='bbox 208 1631 297 1662; x_wconf 89' lang='lat' dir='ltr'>Mulo</span> <span class='ocrx_word' id='word_1_107' title='bbox 322 1630 577 1670; x_wconf 88' lang='lat' dir='ltr'>superimponite‚</span> 
     </span>
     <span class='ocr_line' id='line_1_32' title="bbox 210 1677 562 1716; baseline -0.009 -6"><span class='ocrx_word' id='word_1_108' title='bbox 210 1678 294 1710; x_wconf 83' lang='lat' dir='ltr'>Eum</span> <span class='ocrx_word' id='word_1_109' title='bbox 317 1678 365 1708; x_wconf 84' lang='lat' dir='ltr'>ire</span> <span class='ocrx_word' id='word_1_110' title='bbox 390 1677 562 1716; x_wconf 77' lang='lat' dir='ltr'><strong>permittite</strong></span> 
     </span>
     <span class='ocr_line' id='line_1_33' title="bbox 208 1724 535 1765; baseline -0.003 -9"><span class='ocrx_word' id='word_1_111' title='bbox 208 1724 311 1765; x_wconf 86' lang='lat' dir='ltr'><strong>Eique</strong></span> <span class='ocrx_word' id='word_1_112' title='bbox 336 1724 535 1764; x_wconf 81' lang='lat' dir='ltr'>acquiescite.</span> 
     </span>
    </p>
   </div>
   <div class='ocr_carea' id='block_1_16' title="bbox 595 1788 875 1827">
    <p class='ocr_par' dir='ltr' id='par_1_16' title="bbox 595 1788 875 1827">
     <span class='ocr_line' id='line_1_34' title="bbox 595 1788 875 1827; baseline -0.004 -6"><span class='ocrx_word' id='word_1_113' title='bbox 595 1789 647 1822; x_wconf 77' lang='lat'>11.</span> <span class='ocrx_word' id='word_1_114' title='bbox 677 1788 784 1821; x_wconf 80' lang='lat' dir='ltr'>Gloria</span> <span class='ocrx_word' id='word_1_115' title='bbox 808 1789 875 1827; x_wconf 88' lang='lat' dir='ltr'>tibi,</span> 
     </span>
    </p>
   </div>
   <div class='ocr_carea' id='block_1_17' title="bbox 855 757 1243 791">
    <p class='ocr_par' dir='ltr' id='par_1_17' title="bbox 855 757 1243 791">
     <span class='ocr_line' id='line_1_35' title="bbox 855 757 1243 791; baseline -0.005 0"><span class='ocrx_word' id='word_1_116' title='bbox 855 760 884 791; x_wconf 88' lang='lat'>6.</span> <span class='ocrx_word' id='word_1_117' title='bbox 911 758 975 791; x_wconf 88' lang='lat' dir='ltr'>Ubi</span> <span class='ocrx_word' id='word_1_118' title='bbox 998 759 1084 790; x_wconf 87' lang='lat' dir='ltr'>Deus</span> <span class='ocrx_word' id='word_1_119' title='bbox 1108 757 1243 790; x_wconf 84' lang='lat' dir='ltr'>voluerit</span> 
     </span>
    </p>
   </div>
   <div class='ocr_carea' id='block_1_18' title="bbox 909 805 1328 938">
    <p class='ocr_par' dir='ltr' id='par_1_18' title="bbox 909 805 1328 938">
     <span class='ocr_line' id='line_1_36' title="bbox 909 805 1320 844; baseline -0.005 -7"><span class='ocrx_word' id='word_1_120' title='bbox 909 805 1093 844; x_wconf 86' lang='lat' dir='ltr'>Mulumque</span> <span class='ocrx_word' id='word_1_121' title='bbox 1116 806 1163 837; x_wconf 85' lang='lat' dir='ltr'>ire</span> <span class='ocrx_word' id='word_1_122' title='bbox 1182 805 1320 844; x_wconf 69' lang='lat' dir='ltr'>jusserit,</span> 
     </span>
     <span class='ocr_line' id='line_1_37' title="bbox 911 852 1328 892; baseline -0.005 -8"><span class='ocrx_word' id='word_1_123' title='bbox 911 852 972 884; x_wconf 88' lang='lat' dir='ltr'>Hic</span> <span class='ocrx_word' id='word_1_124' title='bbox 995 852 1050 884; x_wconf 88' lang='lat' dir='ltr'>ubi</span> <span class='ocrx_word' id='word_1_125' title='bbox 1074 860 1169 892; x_wconf 85' lang='lat' dir='ltr'>pecus</span> <span class='ocrx_word' id='word_1_126' title='bbox 1196 852 1328 891; x_wconf 86' lang='lat' dir='ltr'>steterit,</span> 
     </span>
     <span class='ocr_line' id='line_1_38' title="bbox 909 899 1306 938; baseline -0.005 -7"><span class='ocrx_word' id='word_1_127' title='bbox 909 899 980 931; x_wconf 83' lang='lat' dir='ltr'>Illic</span> <span class='ocrx_word' id='word_1_128' title='bbox 1006 907 1118 938; x_wconf 76' lang='lat' dir='ltr'>corpus</span> <span class='ocrx_word' id='word_1_129' title='bbox 1143 899 1306 938; x_wconf 79' lang='lat' dir='ltr'>quieverit.</span> 
     </span>
    </p>
   </div>
   <div class='ocr_carea' id='block_1_19' title="bbox 877 963 1407 1003">
    <p class='ocr_par' dir='ltr' id='par_1_19' title="bbox 877 963 1407 1003">
     <span class='ocr_line' id='line_1_39' title="bbox 877 963 1407 1003; baseline -0.004 -7"><span class='ocrx_word' id='word_1_130' title='bbox 877 990 884 996; x_wconf 93' lang='lat'>.</span> <span class='ocrx_word' id='word_1_131' title='bbox 912 964 1002 1003; x_wconf 74' lang='lat' dir='ltr'>Quod</span> <span class='ocrx_word' id='word_1_132' title='bbox 1027 972 1094 995; x_wconf 86' lang='lat' dir='ltr'>cum</span> <span class='ocrx_word' id='word_1_133' title='bbox 1120 964 1232 1003; x_wconf 82' lang='lat' dir='ltr'>egisset</span> <span class='ocrx_word' id='word_1_134' title='bbox 1257 963 1407 1003; x_wconf 75' lang='lat' dir='ltr'>gnaviter,</span> 
     </span>
    </p>
   </div>
   <div class='ocr_carea' id='block_1_20' title="bbox 909 1010 1381 1143">
    <p class='ocr_par' dir='ltr' id='par_1_20' title="bbox 909 1010 1381 1143">
     <span class='ocr_line' id='line_1_40' title="bbox 910 1010 1276 1050; baseline -0.005 -7"><span class='ocrx_word' id='word_1_135' title='bbox 910 1010 1097 1050; x_wconf 85' lang='lat' dir='ltr'>Mysterium</span> <span class='ocrx_word' id='word_1_136' title='bbox 1122 1010 1276 1049; x_wconf 80' lang='lat' dir='ltr'>mirabile,</span> 
     </span>
     <span class='ocr_line' id='line_1_41' title="bbox 909 1057 1308 1097; baseline -0.005 -7"><span class='ocrx_word' id='word_1_137' title='bbox 909 1059 1008 1090; x_wconf 84' lang='lat' dir='ltr'>Pecus</span> <span class='ocrx_word' id='word_1_138' title='bbox 1034 1058 1136 1097; x_wconf 89' lang='lat' dir='ltr'>coepit</span> <span class='ocrx_word' id='word_1_139' title='bbox 1160 1057 1308 1089; x_wconf 85' lang='lat' dir='ltr'>incedere</span> 
     </span>
     <span class='ocr_line' id='line_1_42' title="bbox 910 1105 1381 1143; baseline -0.004 -7"><span class='ocrx_word' id='word_1_140' title='bbox 910 1105 961 1137; x_wconf 84' lang='lat' dir='ltr'>Ad</span> <span class='ocrx_word' id='word_1_141' title='bbox 986 1105 1088 1136; x_wconf 89' lang='lat' dir='ltr'>locum</span> <span class='ocrx_word' id='word_1_142' title='bbox 1112 1105 1219 1143; x_wconf 85' lang='lat' dir='ltr'>aptum</span> <span class='ocrx_word' id='word_1_143' title='bbox 1242 1105 1381 1136; x_wconf 83' lang='lat' dir='ltr'>tendere.</span> 
     </span>
    </p>
   </div>
   <div class='ocr_carea' id='block_1_21' title="bbox 875 1169 1275 1209">
    <p class='ocr_par' dir='ltr' id='par_1_21' title="bbox 875 1169 1275 1209">
     <span class='ocr_line' id='line_1_43' title="bbox 875 1169 1275 1209; baseline -0.003 -8"><span class='ocrx_word' id='word_1_144' title='bbox 875 1195 882 1201; x_wconf 93' lang='lat'>.</span> <span class='ocrx_word' id='word_1_145' title='bbox 908 1169 972 1202; x_wconf 89' lang='lat' dir='ltr'>Ubi</span> <span class='ocrx_word' id='word_1_146' title='bbox 996 1170 1085 1201; x_wconf 88' lang='lat' dir='ltr'>stetit</span> <span class='ocrx_word' id='word_1_147' title='bbox 1108 1169 1275 1209; x_wconf 82' lang='lat' dir='ltr'>immobile,</span> 
     </span>
    </p>
   </div>
   <div class='ocr_carea' id='block_1_22' title="bbox 909 1216 1378 1351">
    <p class='ocr_par' dir='ltr' id='par_1_22' title="bbox 909 1216 1378 1351">
     <span class='ocr_line' id='line_1_44' title="bbox 909 1216 1374 1256; baseline -0.004 -7"><span class='ocrx_word' id='word_1_148' title='bbox 909 1218 1018 1249; x_wconf 90' lang='lat' dir='ltr'>Donec</span> <span class='ocrx_word' id='word_1_149' title='bbox 1043 1224 1155 1256; x_wconf 83' lang='lat' dir='ltr'>corpus</span> <span class='ocrx_word' id='word_1_150' title='bbox 1180 1216 1374 1248; x_wconf 81' lang='lat' dir='ltr'>sanctissime</span> 
     </span>
     <span class='ocr_line' id='line_1_45' title="bbox 909 1263 1320 1303; baseline 0 -9"><span class='ocrx_word' id='word_1_151' title='bbox 909 1264 1102 1295; x_wconf 86' lang='lat' dir='ltr'>Reverenter</span> <span class='ocrx_word' id='word_1_152' title='bbox 1128 1263 1320 1303; x_wconf 86' lang='lat' dir='ltr'>deponerent</span> 
     </span>
     <span class='ocr_line' id='line_1_46' title="bbox 910 1310 1378 1351; baseline 0 -8"><span class='ocrx_word' id='word_1_153' title='bbox 910 1310 1056 1349; x_wconf 82' lang='lat' dir='ltr'>Illudque</span> <span class='ocrx_word' id='word_1_154' title='bbox 1081 1310 1174 1351; x_wconf 88' lang='lat' dir='ltr'>digne</span> <span class='ocrx_word' id='word_1_155' title='bbox 1199 1311 1378 1343; x_wconf 87' lang='lat' dir='ltr'>conderent.</span> 
     </span>
    </p>
   </div>
   <div class='ocr_carea' id='block_1_23' title="bbox 877 1375 1298 1415">
    <p class='ocr_par' dir='ltr' id='par_1_23' title="bbox 877 1375 1298 1415">
     <span class='ocr_line' id='line_1_47' title="bbox 877 1375 1298 1415; baseline -0.01 -5"><span class='ocrx_word' id='word_1_156' title='bbox 877 1403 883 1410; x_wconf 96' lang='lat'>.</span> <span class='ocrx_word' id='word_1_157' title='bbox 908 1375 1010 1414; x_wconf 75' lang='lat' dir='ltr'>Hujus</span> <span class='ocrx_word' id='word_1_158' title='bbox 1035 1383 1108 1415; x_wconf 75' lang='lat' dir='ltr'>ergo</span> <span class='ocrx_word' id='word_1_159' title='bbox 1133 1375 1298 1407; x_wconf 82' lang='lat' dir='ltr'>Prudentii</span> 
     </span>
    </p>
   </div>
   <div class='ocr_carea' id='block_1_24' title="bbox 907 1421 1313 1549">
    <p class='ocr_par' dir='ltr' id='par_1_24' title="bbox 907 1421 1313 1549">
     <span class='ocr_line' id='line_1_48' title="bbox 909 1421 1303 1464; baseline 0 -11"><span class='ocrx_word' id='word_1_160' title='bbox 909 1421 1032 1454; x_wconf 86' lang='lat' dir='ltr'>Suffulti</span> <span class='ocrx_word' id='word_1_161' title='bbox 1056 1431 1113 1454; x_wconf 88' lang='lat' dir='ltr'>nos</span> <span class='ocrx_word' id='word_1_162' title='bbox 1138 1422 1303 1464; x_wconf 84' lang='lat' dir='ltr'>suffragiis,</span> 
     </span>
     <span class='ocr_line' id='line_1_49' title="bbox 907 1470 1290 1509; baseline -0.003 -8"><span class='ocrx_word' id='word_1_163' title='bbox 907 1470 986 1509; x_wconf 73' lang='lat' dir='ltr'>EJ&#39;us</span> <span class='ocrx_word' id='word_1_164' title='bbox 1012 1470 1097 1501; x_wconf 84' lang='lat' dir='ltr'>docti</span> <span class='ocrx_word' id='word_1_165' title='bbox 1119 1470 1290 1509; x_wconf 76' lang='lat' dir='ltr'>prudentia</span> 
     </span>
     <span class='ocr_line' id='line_1_50' title="bbox 913 1516 1313 1549; baseline -0.003 -1"><span class='ocrx_word' id='word_1_166' title='bbox 913 1516 1070 1548; x_wconf 81' lang='lat' dir='ltr'>Vehamur</span> <span class='ocrx_word' id='word_1_167' title='bbox 1089 1517 1131 1549; x_wconf 92' lang='lat' dir='ltr'>ad</span> <span class='ocrx_word' id='word_1_168' title='bbox 1157 1517 1313 1548; x_wconf 87' lang='lat' dir='ltr'>coelestia.</span> 
     </span>
    </p>
   </div>
   <div class='ocr_carea' id='block_1_25' title="bbox 875 1582 1416 1625">
    <p class='ocr_par' dir='ltr' id='par_1_25' title="bbox 875 1582 1416 1625">
     <span class='ocr_line' id='line_1_51' title="bbox 875 1582 1416 1625; baseline -0.004 -9"><span class='ocrx_word' id='word_1_169' title='bbox 875 1609 882 1616; x_wconf 93' lang='lat'>.</span> <span class='ocrx_word' id='word_1_170' title='bbox 911 1583 1112 1622; x_wconf 75' lang='lat' dir='ltr'>Quaesumus,</span> <span class='ocrx_word' id='word_1_171' title='bbox 1138 1585 1247 1614; x_wconf 85' lang='lat' dir='ltr'>auctor</span> <span class='ocrx_word' id='word_1_172' title='bbox 1272 1582 1416 1625; x_wconf 89' lang='lat' dir='ltr'>omnium,</span> 
     </span>
    </p>
   </div>
   <div class='ocr_carea' id='block_1_26' title="bbox 908 1629 1354 1763">
    <p class='ocr_par' dir='ltr' id='par_1_26' title="bbox 908 1629 1354 1763">
     <span class='ocr_line' id='line_1_52' title="bbox 908 1629 1333 1670; baseline 0 -8"><span class='ocrx_word' id='word_1_173' title='bbox 908 1630 945 1662; x_wconf 87' lang='lat' dir='ltr'>In</span> <span class='ocrx_word' id='word_1_174' title='bbox 970 1630 1029 1661; x_wconf 85' lang='lat' dir='ltr'>hoc</span> <span class='ocrx_word' id='word_1_175' title='bbox 1052 1629 1195 1669; x_wconf 82' lang='lat' dir='ltr'>paschali</span> <span class='ocrx_word' id='word_1_176' title='bbox 1219 1630 1333 1670; x_wconf 81' lang='lat' dir='ltr'>gaudio</span> 
     </span>
     <span class='ocr_line' id='line_1_53' title="bbox 908 1676 1346 1716; baseline 0 -8"><span class='ocrx_word' id='word_1_177' title='bbox 908 1677 959 1708; x_wconf 87' lang='lat' dir='ltr'>Ab</span> <span class='ocrx_word' id='word_1_178' title='bbox 985 1676 1068 1708; x_wconf 90' lang='lat' dir='ltr'>omui</span> <span class='ocrx_word' id='word_1_179' title='bbox 1092 1677 1201 1709; x_wconf 88' lang='lat' dir='ltr'>mortis</span> <span class='ocrx_word' id='word_1_180' title='bbox 1226 1676 1346 1716; x_wconf 89' lang='lat' dir='ltr'>impetu</span> 
     </span>
     <span class='ocr_line' id='line_1_54' title="bbox 910 1722 1354 1763; baseline 0.007 -9"><span class='ocrx_word' id='word_1_181' title='bbox 910 1724 1011 1755; x_wconf 87' lang='lat' dir='ltr'><strong>Tuum</strong></span> <span class='ocrx_word' id='word_1_182' title='bbox 1037 1722 1172 1755; x_wconf 79' lang='lat' dir='ltr'>defende</span> <span class='ocrx_word' id='word_1_183' title='bbox 1195 1724 1354 1763; x_wconf 82' lang='lat' dir='ltr'>populum.</span> 
     </span>
    </p>
   </div>
   <div class='ocr_carea' id='block_1_27' title="bbox 901 1789 1044 1822">
    <p class='ocr_par' dir='ltr' id='par_1_27' title="bbox 901 1789 1044 1822">
     <span class='ocr_line' id='line_1_55' title="bbox 901 1789 1044 1822; baseline -0.007 -1"><span class='ocrx_word' id='word_1_184' title='bbox 901 1789 1044 1822; x_wconf 87' lang='lat' dir='ltr'>Domine.</span> 
     </span>
    </p>
   </div>
   <div class='ocr_carea' id='block_1_28' title="bbox 151 1861 1446 1979">
    <p class='ocr_par' dir='ltr' id='par_1_28' title="bbox 151 1861 1446 1979">
     <span class='ocr_line' id='line_1_56' title="bbox 228 1861 1446 1899; baseline -0.001 -6"><span class='ocrx_word' id='word_1_185' title='bbox 228 1865 526 1894; x_wconf 76' lang='lat' dir='ltr'>Brev.Ti1·asonense</span> <span class='ocrx_word' id='word_1_186' title='bbox 550 1865 619 1899; x_wconf 84' lang='lat' dir='ltr'>imp.</span> <span class='ocrx_word' id='word_1_187' title='bbox 638 1864 771 1891; x_wconf 76' lang='lat' dir='ltr'>Venetiis</span> <span class='ocrx_word' id='word_1_188' title='bbox 795 1861 877 1891; x_wconf 76' lang='lat'>1497.</span> <span class='ocrx_word' id='word_1_189' title='bbox 897 1863 931 1890; x_wconf 88' lang='lat' dir='ltr'>A.</span> <span class='ocrx_word' id='word_1_190' title='bbox 955 1877 992 1881; x_wconf 97' lang='lat'><strong>—</strong></span> <span class='ocrx_word' id='word_1_191' title='bbox 1016 1864 1100 1891; x_wconf 77' lang='lat' dir='ltr'>BreV.</span> <span class='ocrx_word' id='word_1_192' title='bbox 1122 1863 1446 1899; x_wconf 75' lang='lat' dir='ltr'>ms.0a1agurritanum</span> 
     </span>
     <span class='ocr_line' id='line_1_57' title="bbox 151 1898 1446 1938; baseline -0.002 -4.998"><span class='ocrx_word' id='word_1_193' title='bbox 151 1913 226 1933; x_wconf 81' lang='lat' dir='ltr'>sacc-</span> <span class='ocrx_word' id='word_1_194' title='bbox 254 1903 295 1932; x_wconf 87' lang='lat'>15.</span> <span class='ocrx_word' id='word_1_195' title='bbox 317 1903 387 1932; x_wconf 84' lang='lat' dir='ltr'>Cod</span> <span class='ocrx_word' id='word_1_196' title='bbox 408 1902 611 1930; x_wconf 82' lang='lat' dir='ltr'>Salmantieen.</span> <span class='ocrx_word' id='word_1_197' title='bbox 641 1898 703 1929; x_wconf 84' lang='lat'>186.</span> <span class='ocrx_word' id='word_1_198' title='bbox 724 1902 755 1929; x_wconf 88' lang='lat' dir='ltr'>B.</span> <span class='ocrx_word' id='word_1_199' title='bbox 783 1917 819 1921; x_wconf 83' lang='lat'>—</span> <span class='ocrx_word' id='word_1_200' title='bbox 844 1901 927 1929; x_wconf 87' lang='lat' dir='ltr'>Brev.</span> <span class='ocrx_word' id='word_1_201' title='bbox 950 1900 1199 1938; x_wconf 83' lang='lat' dir='ltr'>Calagurritanum</span> <span class='ocrx_word' id='word_1_202' title='bbox 1218 1903 1247 1929; x_wconf 81' lang='lat' dir='ltr'>et</span> <span class='ocrx_word' id='word_1_203' title='bbox 1266 1902 1428 1930; x_wconf 73' lang='lat' dir='ltr'>Calciatene</span> <span class='ocrx_word' id='word_1_204' title='bbox 1416 1911 1446 1930; x_wconf 71' lang='lat' dir='ltr'>ec</span> 
     </span>
     <span class='ocr_line' id='line_1_58' title="bbox 151 1936 1444 1979; baseline -0.002 -9"><span class='ocrx_word' id='word_1_205' title='bbox 151 1944 220 1979; x_wconf 82' lang='lat' dir='ltr'>imp</span> <span class='ocrx_word' id='word_1_206' title='bbox 241 1942 381 1969; x_wconf 82' lang='lat' dir='ltr'>Lucronii</span> <span class='ocrx_word' id='word_1_207' title='bbox 401 1938 482 1968; x_wconf 83' lang='lat'>1543.</span> <span class='ocrx_word' id='word_1_208' title='bbox 504 1940 535 1967; x_wconf 82' lang='lat' dir='ltr'>C.</span> <span class='ocrx_word' id='word_1_209' title='bbox 556 1954 593 1959; x_wconf 88' lang='lat'>——</span> <span class='ocrx_word' id='word_1_210' title='bbox 613 1937 639 1973; x_wconf 85' lang='lat'>5,</span> <span class='ocrx_word' id='word_1_211' title='bbox 660 1936 677 1966; x_wconf 82' lang='lat'><strong><em>2</em></strong></span> <span class='ocrx_word' id='word_1_212' title='bbox 697 1947 783 1975; x_wconf 86' lang='lat' dir='ltr'>super</span> <span class='ocrx_word' id='word_1_213' title='bbox 804 1941 884 1966; x_wconf 85' lang='lat' dir='ltr'>onite</span> <span class='ocrx_word' id='word_1_214' title='bbox 902 1938 936 1966; x_wconf 91' lang='lat' dir='ltr'>A.</span> <span class='ocrx_word' id='word_1_215' title='bbox 957 1954 993 1957; x_wconf 97' lang='lat'><strong>—</strong></span> <span class='ocrx_word' id='word_1_216' title='bbox 1012 1939 1095 1968; x_wconf 79' lang='lat' dir='ltr'>Naeh</span> <span class='ocrx_word' id='word_1_217' title='bbox 1115 1939 1170 1967; x_wconf 83' lang='lat' dir='ltr'>Str.</span> <span class='ocrx_word' id='word_1_218' title='bbox 1193 1938 1210 1967; x_wconf 89' lang='lat'>5</span> <span class='ocrx_word' id='word_1_219' title='bbox 1230 1939 1290 1976; x_wconf 81' lang='lat' dir='ltr'>folg</span> <span class='ocrx_word' id='word_1_220' title='bbox 1291 1943 1303 1967; x_wconf 91' lang='lat' dir='ltr'>t</span> <span class='ocrx_word' id='word_1_221' title='bbox 1322 1941 1378 1970; x_wconf 77' lang='lat' dir='ltr'>Str.</span> <span class='ocrx_word' id='word_1_222' title='bbox 1402 1938 1444 1968; x_wconf 83' lang='lat'>10.</span> 
     </span>
    </p>
   </div>
   <div class='ocr_carea' id='block_1_29' title="bbox 153 1977 767 2016">
    <p class='ocr_par' dir='ltr' id='par_1_29' title="bbox 153 1977 767 2016">
     <span class='ocr_line' id='line_1_59' title="bbox 153 1977 767 2016; baseline -0.008 -7"><span class='ocrx_word' id='word_1_223' title='bbox 153 1981 185 2009; x_wconf 81' lang='lat' dir='ltr'>C.</span> <span class='ocrx_word' id='word_1_224' title='bbox 208 1997 244 2000; x_wconf 97' lang='lat'><strong>—</strong></span> <span class='ocrx_word' id='word_1_225' title='bbox 265 1977 328 2013; x_wconf 83' lang='lat'>7,1</span> <span class='ocrx_word' id='word_1_226' title='bbox 349 1979 477 2016; x_wconf 70' lang='lat' dir='ltr'>gia-viter</span> <span class='ocrx_word' id='word_1_227' title='bbox 490 1978 523 2012; x_wconf 94' lang='lat' dir='ltr'>A,</span> <span class='ocrx_word' id='word_1_228' title='bbox 544 1977 709 2005; x_wconf 80' lang='lat' dir='ltr'>iraviterB.</span> <span class='ocrx_word' id='word_1_229' title='bbox 731 1991 767 1996; x_wconf 73' lang='lat'>—</span> 
     </span>
    </p>
   </div>
   <div class='ocr_carea' id='block_1_30' title="bbox 807 1975 1445 2010">
    <p class='ocr_par' dir='ltr' id='par_1_30' title="bbox 807 1975 1445 2010">
     <span class='ocr_line' id='line_1_60' title="bbox 807 1975 1445 2010; baseline 0 -5"><span class='ocrx_word' id='word_1_230' title='bbox 807 1975 852 2010; x_wconf 86' lang='lat'>‚3</span> <span class='ocrx_word' id='word_1_231' title='bbox 865 1976 906 2004; x_wconf 79' lang='lat' dir='ltr'>Et</span> <span class='ocrx_word' id='word_1_232' title='bbox 924 1986 1005 2005; x_wconf 71' lang='lat' dir='ltr'>revel</span> <span class='ocrx_word' id='word_1_233' title='bbox 1007 1978 1087 2005; x_wconf 77' lang='lat' dir='ltr'>enter</span> <span class='ocrx_word' id='word_1_234' title='bbox 1098 1978 1133 2005; x_wconf 88' lang='lat' dir='ltr'>A.</span> <span class='ocrx_word' id='word_1_235' title='bbox 1154 1992 1190 1996; x_wconf 89' lang='lat'><strong>—</strong></span> <span class='ocrx_word' id='word_1_236' title='bbox 1204 1977 1259 2005; x_wconf 76' lang='lat' dir='ltr'>Str.</span> <span class='ocrx_word' id='word_1_237' title='bbox 1282 1977 1316 2006; x_wconf 92' lang='lat'>10</span> <span class='ocrx_word' id='word_1_238' title='bbox 1329 1978 1401 2006; x_wconf 84' lang='lat' dir='ltr'>fehlt</span> <span class='ocrx_word' id='word_1_239' title='bbox 1415 1981 1445 2007; x_wconf 77' lang='lat' dir='ltr'>B.</span> 
     </span>
    </p>
   </div>
   <div class='ocr_carea' id='block_1_31' title="bbox 559 2116 1033 2148">
    <p class='ocr_par' dir='ltr' id='par_1_31' title="bbox 559 2116 1033 2148">
     <span class='ocr_line' id='line_1_61' title="bbox 559 2116 1033 2148; baseline 0.002 -1"><span class='ocrx_word' id='word_1_240' title='bbox 559 2116 627 2148; x_wconf 86' lang='grc'><strong>428.</strong></span> <span class='ocrx_word' id='word_1_241' title='bbox 666 2116 711 2148; x_wconf 86' lang='lat' dir='ltr'>De</span> <span class='ocrx_word' id='word_1_242' title='bbox 730 2117 836 2148; x_wconf 81' lang='lat' dir='ltr'>sancto</span> <span class='ocrx_word' id='word_1_243' title='bbox 856 2116 1033 2148; x_wconf 86' lang='lat' dir='ltr'>Raimundo.</span> 
     </span>
    </p>
   </div>
   <div class='ocr_carea' id='block_1_32' title="bbox 424 2193 1119 2374">
    <p class='ocr_par' dir='ltr' id='par_1_32' title="bbox 424 2193 1119 2333">
     <span class='ocr_line' id='line_1_62' title="bbox 424 2193 1119 2238; baseline -0.006 -7"><span class='ocrx_word' id='word_1_244' title='bbox 424 2198 454 2231; x_wconf 91' lang='lat'>1.</span> <span class='ocrx_word' id='word_1_245' title='bbox 482 2196 652 2231; x_wconf 80' lang='lat' dir='ltr'>confessor</span> <span class='ocrx_word' id='word_1_246' title='bbox 675 2196 813 2238; x_wconf 84' lang='lat' dir='ltr'>Domini,</span> <span class='ocrx_word' id='word_1_247' title='bbox 838 2204 960 2236; x_wconf 85' lang='lat' dir='ltr'>gemma</span> <span class='ocrx_word' id='word_1_248' title='bbox 983 2193 1119 2238; x_wconf 88' lang='lat' dir='ltr'>luciflua,</span> 
     </span>
     <span class='ocr_line' id='line_1_63' title="bbox 481 2243 1073 2285; baseline -0.003 -8"><span class='ocrx_word' id='word_1_249' title='bbox 481 2245 676 2278; x_wconf 79' lang='lat' dir='ltr'>Raimundus</span> <span class='ocrx_word' id='word_1_250' title='bbox 701 2244 816 2276; x_wconf 86' lang='lat' dir='ltr'>renitet</span> <span class='ocrx_word' id='word_1_251' title='bbox 840 2252 913 2276; x_wconf 88' lang='lat' dir='ltr'>arce</span> <span class='ocrx_word' id='word_1_252' title='bbox 934 2243 1073 2285; x_wconf 77' lang='lat' dir='ltr'>politica,</span> 
     </span>
     <span class='ocr_line' id='line_1_64' title="bbox 483 2291 1061 2333; baseline -0.005 -8"><span class='ocrx_word' id='word_1_253' title='bbox 483 2292 660 2332; x_wconf 86' lang='lat' dir='ltr'>Cantemus,</span> <span class='ocrx_word' id='word_1_254' title='bbox 686 2292 774 2331; x_wconf 86' lang='lat' dir='ltr'>socii,</span> <span class='ocrx_word' id='word_1_255' title='bbox 802 2291 907 2323; x_wconf 83' lang='lat' dir='ltr'>dulcia</span> <span class='ocrx_word' id='word_1_256' title='bbox 931 2291 1061 2333; x_wconf 83' lang='lat' dir='ltr'>cantica,</span> 
     </span>
    </p>

    <p class='ocr_par' dir='ltr' id='par_1_33' title="bbox 527 2339 955 2374">
     <span class='ocr_line' id='line_1_65' title="bbox 527 2339 955 2374; baseline -0.005 -2"><span class='ocrx_word' id='word_1_257' title='bbox 527 2340 702 2373; x_wconf 83' lang='lat' dir='ltr'>Laetentur</span> <span class='ocrx_word' id='word_1_258' title='bbox 725 2339 818 2371; x_wconf 86' lang='lat' dir='ltr'>simul</span> <span class='ocrx_word' id='word_1_259' title='bbox 842 2339 955 2374; x_wconf 82' lang='lat' dir='ltr'>omnia,</span> 
     </span>
    </p>
   </div>
  </div>
 </body>
</html>
