1651 2518
696 99 858 134 —233
909 120 951 124 —

170 192 202 223 3.
227 191 424 232 Urgellensis
449 193 589 225 civitatis
850 196 883 227 5.
907 194 1043 235 Magnae
1066 194 1153 226 Deus
1176 195 1355 236 potestatis,

278 239 409 271 Praesul
433 239 486 271 hic
511 241 656 280 egregius
954 242 1022 274 Rex
1048 241 1190 274 Christus
1215 242 1413 282 regnantium

230 284 286 316 Fit
309 289 431 318 amator
453 288 631 319 sanctitatis
909 288 1002 320 Hunc
1025 288 1142 321 locavit
1167 297 1237 319 cum
1262 288 1362 320 beatis

277 332 321 364 Et
345 334 496 365 virtutum
524 334 648 377 clarius,
953 336 990 367 In
1016 344 1110 376 regno
1135 335 1325 376 coelestium,

230 378 379 411 Scribens
407 380 519 420 dogma
539 382 687 413 veritatis
909 382 1006 421 Quem
1029 384 1127 423 roget,
1153 385 1188 413 ut
1210 382 1301 414 nobis
1325 383 1425 422 gratis

279 427 386 467 Atque
409 436 531 459 morum
555 429 694 469 saepius.
956 429 996 461 Se
1021 431 1116 463 donet
1138 429 1170 460 in
1195 430 1378 469 praemium.

173 512 205 543 4.
231 511 347 551 Fulget
370 512 404 543 in
429 512 489 543 hoc
513 513 692 545 sanctitudo
853 514 883 545 6.
910 515 1021 546 Almae
1045 514 1156 546 laudes
1181 514 1314 546 trinitati

279 557 357 590 Cum
383 558 469 590 clara
495 560 626 592 scientia
956 561 1147 593 Resonemus
1170 562 1286 601 Jugiter

230 604 275 636 Et
299 605 449 637 virtutum
475 607 656 646 magnitudo
910 608 959 639 Ac
984 609 1123 648 eJ'usdem
1149 608 1264 639 unitati

279 653 357 685 Cum
382 653 498 693 grandi
523 654 698 694 clementia,
957 656 1132 687 Psallamus
1158 656 1364 695 concorditer,

230 698 319 737 Quod
346 700 504 739 signorum
523 701 691 732 multitudo
912 701 997 740 Quae
1022 702 1150 734 coelesti
1175 702 1294 733 civitati

277 746 438 778 Monstrat
461 747 494 778 in
520 747 664 779 ecclesia.
958 750 1071 782 Junxit
1094 749 1177 780 hunc
1201 748 1346 783 feliciter

244 820 342 885 13:⁸[r5eL-
354 820 527 885 {rgellense
555 822 624 857 imp.
651 821 784 849 Venetiis
817 820 897 849 1487.
924 823 957 850 A.
987 838 1024 842 —
1049 823 1268 851 Processionale
1293 823 1466 860 Urgellense

169 866 238 893 lmp-

617 1006 681 1037 410.
720 1007 765 1038 De
785 1007 890 1038 sancto
911 1007 1020 1038 odone.

692 1082 740 1111 Ad
761 1081 950 1111 Nocturnum.

447 1159 476 1192 1.
507 1159 585 1199 Odo,
613 1159 773 1192 confessor
797 1159 924 1191 Domini
949 1160 1068 1200 beatus,

501 1206 642 1238 Primum
665 1206 827 1247 professor
847 1207 993 1239 militaris
1018 1210 1128 1249 status,

502 1253 643 1285 Tandem
667 1262 830 1294 possessor
854 1254 970 1294 gradus
992 1254 1200 1294 praesulatus,

550 1299 600 1332 Sit
622 1301 822 1333 intercessor.

446 1386 477 1418 2.
506 1384 629 1417 Genere
654 1386 756 1418 clarus
781 1384 843 1417 fuit
866 1388 1055 1426 mansuetus,

500 1431 623 1472 Lapsus
647 1433 785 1475 ignarus,
811 1433 913 1472 gratia
935 1433 1085 1474 repletus,

501 1479 632 1518 Populis
658 1489 758 1519 carus,
783 1480 816 1510 in
842 1479 938 1511 affatu
954 1480 1066 1520 laetus,

547 1526 621 1558 Vita
644 1527 836 1567 praeclarus.

445 1611 476 1643 3.
503 1610 599 1649 Signa
622 1613 777 1643 testantur
803 1610 927 1642 titulum
950 1610 1087 1651 virtutis,

503 1657 610 1689 Morbi
635 1657 784 1698 fugantur
808 1665 936 1689 munere
960 1658 1081 1696 salutis,

501 1703 592 1736 Caeci
617 1705 783 1742 laetantur,
810 1713 911 1736 sermo
938 1704 1031 1736 datur
1055 1704 1163 1745 mutis,

549 1751 659 1784 Claudi
685 1754 842 1783 curantur.

443 1838 474 1869 4.
501 1836 587 1868 Odas
613 1836 716 1869 Odoni
738 1836 850 1867 dantes
875 1836 1069 1876 gratulemur

499 1883 615 1915 Musici
638 1884 716 1926 toni,
740 1885 775 1914 ut
802 1883 883 1915 dono
906 1883 1061 1915 laetemur

501 1930 647 1972 Supremi
672 1931 754 1973 boni,
781 1930 877 1963 laude
900 1931 1069 1971 gloriemur

546 1979 640 2010 Tanti
664 1977 801 2018 patroni.

441 2065 472 2096 5.
497 2064 562 2097 Det
585 2064 719 2104 genitori
743 2063 854 2095 laudes
879 2062 931 2094 hic
956 2071 1085 2095 canoras

499 2111 624 2143 Jubilus
650 2111 747 2152 chori,
773 2110 895 2150 pariter
918 2119 1047 2142 sonoras

499 2159 564 2191 Det
588 2158 792 2199 redemptori,
818 2158 927 2190 itidem
955 2158 1084 2190 decoras

545 2206 751 2240 Consolatori

240 2281 525 2319 BrOV.U1gellense
551 2282 619 2317 imp.
646 2280 779 2309 Venetiis
811 2277 892 2307 1487.
919 2280 953 2307 A.
979 2295 1014 2300 —
1041 2280 1171 2307 Piocess.
1198 2279 1370 2314 Urgellense
1399 2281 1467 2316 imp.

167 2318 248 2348 15**.
262 2321 295 2348 B.
318 2305 412 2355 -,1
422 2317 440 2346 2
455 2319 600 2347 PrimeA.
622 2335 648 2339 —
679 2317 704 2353 3,
725 2316 743 2347 3
764 2318 848 2346 datur
868 2318 992 2353 fehltA3
1014 2318 1098 2345 datur
1119 2315 1376 2351 011nctisss.—t,3
1395 2317 1414 2346 4
1429 2319 1469 2347 Ut

165 2358 262 2386 claudi
280 2359 315 2386 A.
336 2373 373 2377 —
394 2341 419 2392 5,
441 2356 458 2385 2
479 2359 645 2394 pariterque
663 2358 698 2385 A.
