1651 2518
718 106 972 143 ——173—

202 203 234 235 2.
266 202 383 235 Fertur
408 203 502 236 etiam
528 202 655 243 dixisse,
877 206 909 238 4.
935 204 1033 237 Tuam
1057 211 1115 243 per
1143 203 1352 234 inventionem

307 250 387 281 Post
411 251 506 282 talem
531 251 739 283 ostensionem
983 250 1118 291 Largam
1141 249 1391 281 benedictionem

257 297 320 328 Per
344 299 385 339 te,
406 300 509 337 pater,
535 298 712 337 percussise
936 297 1089 337 Consequi
1113 299 1149 328 ut
1171 297 1339 336 valeamus,

309 342 404 375 Hunc
427 344 528 376 locum
554 353 612 383 per
636 344 786 377 visionem
984 344 1029 377 Te
1054 345 1223 376 clementer
1248 351 1421 382 exoramus,

352 390 459 432 Virga,
475 400 566 430 quam
579 392 817 424 manutenebas.
1028 392 1052 424 O
1079 390 1238 423 confessor
1262 389 1427 422 benedicte

260 437 425 477 Temporis
450 438 508 470 sub
533 438 616 470 nube
639 439 734 470 taetri
937 444 1471 453 ················

304 484 398 516 Hunc
421 485 585 517 Zamoram
612 485 789 525 perduxisti
940 492 1468 501 ················

259 532 310 563 Ac
335 532 375 563 de
398 531 447 563 his
472 531 555 563 beati
582 532 668 564 Petri
935 532 980 564 Et
1002 534 1038 563 ut
1061 531 1187 564 sedulus
1214 533 1335 562 erector

307 578 446 610 Basilica
470 579 660 619 instruxisti,
980 579 1156 618 Lapsorum
1181 578 1224 609 sis
1250 580 1282 610 et
1304 578 1467 617 protector

354 624 417 657 Ubi
442 626 544 658 latens
569 626 761 665 quiescebaS.
1031 625 1174 658 Civitatis
1199 624 1388 657 antedictae.

204 692 233 723 3.
260 691 284 723 O
311 689 389 722 felix
414 691 578 733 nuntiatio,
878 693 908 724 5.
933 691 1026 723 Illam
1051 691 1144 731 pulsa
1167 691 1221 731 pia
1244 699 1348 731 prece,

305 737 502 771 Nuntiationi
530 738 655 773 Christi.
981 739 1066 778 Quae
1091 740 1124 769 te
1148 738 1277 770 coelitus
1304 739 1450 775 contexit,

260 785 305 818 Ut
330 783 465 823 pulchra
491 784 591 817 dictat
614 786 705 824 ratio,
934 785 1131 817 immolatum
1155 794 1212 825 pro
1238 792 1369 817 vervece

307 830 379 862 Non
404 831 557 863 absimilis
582 830 670 863 fuisti
982 832 1043 864 Suo
1067 834 1156 864 utero
1182 832 1295 870 evexit,

350 877 408 916 Eo,
434 878 507 917 quia
531 878 627 918 opilio
1032 879 1147 910 Sellam
1172 879 1268 910 maris
1292 877 1438 917 Mariam,

255 924 293 955 In
317 923 502 956 Bethlehem
527 925 683 957 Christum
710 925 788 966 fore,
933 926 977 958 Ut
999 925 1032 957 in
1059 926 1136 957 coeli
1162 925 1322 965 palatium,

304 969 500 1003 Ildefonsum
526 977 558 1003 et
580 972 740 1013 Zamorae,
981 971 1046 1005 Ubi
1070 976 1176 1004 manet
1199 971 1278 1003 nihil
1302 971 1393 1002 triste

257 1017 424 1050 Praedixit
447 1026 505 1057 per
529 1020 727 1061 paraclitum,
934 1018 997 1050 Sed
1023 1028 1161 1057 perenne
1185 1018 1332 1049 solatium

304 1064 362 1096 Cui
387 1065 480 1096 cedat
503 1066 543 1097 ad
567 1065 729 1106 placitum,
980 1065 1081 1107 Viget,
1108 1066 1218 1098 tendat
1242 1066 1355 1096 chorus
1379 1064 1440 1095 iste

348 1111 490 1153 Oramus,
517 1112 594 1144 haec
618 1113 734 1152 opinio.
1022 1113 1084 1144 Illa
1110 1112 1204 1144 dante
1228 1111 1291 1143 sibi
1315 1111 1407 1144 viam.

269 1178 352 1205 Brev.
384 1184 436 1203 ms.
457 1177 630 1205 Zamorense
655 1185 729 1204 saec.
758 1176 801 1205 15.
833 1177 899 1205 Cod.
922 1177 1014 1213 Capit,
1035 1178 1183 1205 Zamoren.
1210 1185 1231 1204 s.
1252 1186 1280 1203 n.
1356 1176 1402 1203 An
1421 1176 1493 1202 zwei

193 1214 304 1242 §teum
323 1215 349 1242 A
367 1215 428 1242 und
447 1215 479 1242 B.
505 1229 543 1234 —-
571 1213 600 1248 1,
627 1214 645 1242 2
673 1215 731 1248 Qui
755 1216 812 1242 fuit.
835 1215 943 1242 nostris
965 1216 997 1242 A.
1025 1229 1060 1234 —
1087 1214 1119 1248 1,
1146 1213 1166 1242 4
1191 1213 1406 1250 S.1pplieissimi
1426 1213 1492 1246 A135.

192 1253 246 1279 lies
263 1253 492 1288 simplicissimi?
511 1267 550 1272 —
572 1251 600 1286 1,
621 1251 639 1280 8
659 1252 718 1279 Aut
736 1254 823 1289 longe
841 1253 900 1280 AB.
921 1266 958 1272 —-
978 1251 1009 1287 3,
1032 1251 1049 1279 2
1069 1253 1221 1280 Nuntiatio
1241 1253 1274 1279 B.
1293 1266 1332 1270 —
1351 1249 1368 1279 Β
1411 1250 1428 1278 5
1447 1250 1489 1277 Ec

191 1290 268 1326 quod
287 1290 347 1317 AB.
377 1304 416 1309 -
440 1288 473 1324 4,
502 1288 517 1317 1
543 1291 635 1324 Quam
660 1298 711 1325 per
730 1290 789 1318 AB.
814 1305 852 1310 —-
877 1289 909 1324 4,
940 1288 956 1317 6
977 1299 1018 1326 sq.
1039 1290 1136 1318 fehlen
1156 1290 1196 1325 A3
1222 1290 1268 1317 die
1287 1297 1375 1323 ganze
1398 1287 1492 1315 Halb-

191 1328 316 1362 strophe
335 1328 408 1355 fehlt
426 1328 459 1354 B.

568 1456 633 1488 296.
671 1456 705 1487 In
725 1456 906 1488 Inventione
927 1464 950 1487 s.
971 1455 1128 1488 Ildcfonsi.

733 1523 781 1553 Ad
801 1524 956 1561 Vespera-s.

475 1593 504 1627 1.
531 1594 624 1631 Ecce,
652 1601 743 1633 quem
769 1592 887 1625 Christi
911 1592 1047 1633 genitrix
1072 1593 1198 1632 amavit,

530 1640 626 1680 Ecce,
651 1649 743 1680 quem
767 1640 846 1671 coeli
870 1641 1007 1671 retinent
1029 1639 1166 1680 beatum,

531 1687 626 1726 Cujus
650 1688 683 1719 in
707 1687 825 1726 templo
849 1687 965 1718 retinet
987 1687 1119 1719 Zamora

579 1734 715 1766 Condita
734 1734 892 1766 membra!

474 1802 504 1833 2.
529 1800 624 1839 Ecce,
649 1800 704 1831 lux
728 1800 837 1831 mundi
860 1798 934 1831 fidei
958 1808 1151 1839 corruscans,

533 1847 664 1879 Gemma
687 1847 791 1879 Toleti
817 1847 967 1879 decorans
987 1847 1107 1886 Iberos,

529 1896 625 1935 Quem
651 1894 854 1927 Zamorenses
879 1894 1040 1926 celebrant
1062 1896 1228 1934 patronum

576 1942 656 1974 Ossa
679 1944 831 1974 tenentes.

472 2010 502 2042 3.
529 2009 624 2049 Ecce,
652 2006 799 2040 defensor
822 2008 947 2041 Mariae
965 2008 1106 2048 pudoris,

528 2056 702 2088 Haeresum
726 2057 828 2087 sectas
852 2055 1026 2095 reprimens
1051 2055 1214 2095 nefandas,

527 2104 622 2143 Ante,
648 2105 731 2143 post,
756 2111 881 2143 semper
906 2103 1012 2135 docuit
1035 2112 1161 2135 manere

576 2150 771 2183 Inviolatam.

471 2219 503 2252 4.
529 2217 624 2260 Ecce,
652 2225 742 2258 quem
768 2217 856 2257 virgo
882 2215 994 2249 trabea
1018 2216 1154 2257 decorat,

528 2265 625 2304 Quam
651 2265 712 2297 Dei
737 2263 831 2297 turba
854 2264 928 2295 tulit
951 2273 990 2296 ex
1013 2264 1157 2305 Olympo,

527 2313 623 2353 Cujus
650 2314 698 2345 est
721 2311 824 2344 factus
850 2311 983 2344 celebris
1007 2314 1155 2345 sacerdos

572 2359 672 2393 Festa
698 2360 864 2393 sacrando.
