1651 2518
659 101 910 137 —109—

214 193 345 229 Vei-gara
364 194 382 221 1.
404 203 427 221 e.
450 203 477 229 p·
497 193 568 222 457:
596 196 648 229 „In
666 193 759 230 libro,
787 196 819 222 in
839 204 895 231 quo
915 195 1007 222 literis
1027 194 1159 222 Gothicis
1179 197 1224 222 est
1243 196 1351 230 scripta
1370 195 1433 222 vita

137 229 165 256 S.
188 230 348 263 Dominici,
378 232 560 267 reperiuntur
583 233 686 260 iisdem
712 233 805 261 literis
828 232 859 260 hi
879 233 935 260 duo
955 232 1055 266 hymni
1075 233 1104 258 in
1126 233 1218 268 primo
1238 230 1335 260 folio.“
1375 233 1432 260 Die

135 267 274 301 Hymnen
299 276 399 295 waren
423 268 485 295 also
511 269 545 295 in
568 269 618 296 der
644 270 836 297 Handschrift
859 270 910 297 der
933 270 1004 296 Vita
1027 270 1080 296 auf
1099 270 1155 296 deu
1183 270 1433 297 Vorsetzbltittem

137 301 361 342 naehgetragen.
403 305 453 333 Sie
480 306 545 333 sind
570 306 634 333 dem
655 307 729 334 Stilo
749 307 808 334 und
828 307 878 334 der
895 307 980 335 Form
998 306 1072 334 nach
1092 307 1165 334 iilter
1186 307 1229 333 als
1250 307 1297 334 die
1315 308 1431 334 vorher-

134 342 292 377 gehenden.
314 356 347 360 —-
373 340 398 376 2,
420 339 438 371 3
458 342 524 370 Hoc
543 344 624 370 tuum
643 352 768 379 gregem.

501 461 561 492 165.
599 461 642 492 De
662 470 685 493 s.
706 461 860 493 Dominieo
882 461 1061 493 Exsiliensi.

686 527 818 565 Hymnus
836 527 875 556 ΙΙ.

135 596 165 627 1.
191 594 355 627 Dominico
379 595 465 635 patri
489 604 603 636 supero
812 597 842 628 5.
870 596 962 629 Cives
987 599 1133 628 venustas
1158 605 1289 636 superos

194 641 320 674 Laudes
347 642 486 674 dicamus
508 642 620 683 ¹iubilo,
872 644 995 676 Ornans
1021 652 1127 675 eorum
1153 651 1277 684 cuneos,

193 688 391 721 Dominicum
416 693 557 722 sanctum
582 691 716 722 maximo
871 717 880 723 .
910 720 916 723 .
943 717 949 723 .
974 691 1122 723 honestas
1146 690 1256 722 sedule

193 735 252 774 Qui
278 737 441 769 decoravit
463 738 566 770 xenio.
869 738 941 769 Tuo
966 738 1120 770 translato
1147 746 1288 778 corpore.

136 803 169 836 2.
198 802 410 834 cohaeredem
435 805 467 834 et
489 803 627 844 genitum
811 804 841 836 6.
868 803 992 836 Invisos
1016 803 1101 844 pelle
1127 804 1293 836 daemones

192 849 296 882 Patris
322 849 489 882 clamemus
513 850 622 890 filium,
871 851 916 883 Et
939 851 1140 882 tenebrarum
1165 852 1337 892 principes,

195 895 392 928 Dominicum
416 897 467 937 qui
492 898 690 930 sanctissima
875 898 1044 930 Pressuras
1068 897 1177 930 mundi
1203 898 1384 942 comprimo,

193 942 413 976 Haereditavit
436 944 546 984 gloria.
871 945 972 976 Actus
995 944 1106 977 felices
1132 944 1246 977 tribue.

137 1011 169 1043 3.
194 1009 289 1041 Adsit
312 1010 403 1041 nobis
429 1012 461 1042 et
484 1011 624 1051 spiritus,
815 1011 845 1043 7.
868 1010 987 1042 Errata
1012 1013 1122 1043 nostra
1147 1011 1290 1050 termina,

195 1056 251 1095 Qui
277 1056 393 1088 dicitur
417 1058 599 1097 paraclitus,
871 1057 937 1089 Nos
962 1067 981 1089 a
1005 1058 1144 1097 peccatis
1168 1058 1279 1097 libera,

194 1102 394 1136 Dominicum
418 1107 558 1136 nostrum
584 1106 718 1144 mystica
868 1105 960 1144 ignes
985 1108 1130 1137 aeternos
1154 1113 1264 1145 vacua,

193 1149 324 1182 Dotavit
349 1151 402 1190 qui
426 1151 568 1185 scientia.
869 1151 1037 1183 Aethereis
1062 1152 1216 1184 consocia.

136 1217 167 1249 4.
192 1215 365 1254 Dominice,
392 1218 502 1249 adesto
527 1216 653 1249 famulis
814 1219 845 1250 8.
871 1219 943 1250 Hoc
965 1220 1102 1257 praesta,
1127 1226 1248 1250 summa
1272 1218 1393 1250 trinitas

194 1262 283 1295 Lotis
306 1264 393 1296 unda
416 1264 623 1305 baptismatis,
874 1266 960 1304 Quae
985 1264 1125 1296 crederis
1151 1267 1183 1296 et
1205 1266 1319 1306 unitas,

198 1339 204 1345 .
240 1339 246 1345 .
285 1339 291 1342 .
330 1336 336 1342 .
363 1339 372 1345 i
399 1339 405 1345 .
435 1342 441 1345 .
471 1339 477 1345 .
504 1339 510 1345 .
540 1339 546 1345 .
576 1339 579 1345 .
609 1339 615 1345 .
645 1339 648 1345 .
678 1342 681 1345 .
714 1339 720 1345 .
874 1312 994 1344 Cuncta
1019 1311 1196 1352 gubernans
1223 1311 1350 1344 condita

198 1384 345 1393 .....
368 1358 486 1397 premit
510 1359 659 1393 oriminis.
874 1359 937 1391 Per
961 1358 1066 1391 saeola
1088 1358 1152 1391 fine
1176 1364 1292 1392 nescia.

210 1422 340 1456 Vei-gara
366 1423 385 1450 1.
412 1433 435 1451 e.
464 1432 492 1458 p.
517 1421 572 1451 457
599 1433 641 1460 sq.
662 1439 698 1444 -
732 1422 760 1458 1,
791 1423 804 1451 1
826 1424 1027 1459 Dominicum3
1054 1423 1106 1451 das
1126 1423 1212 1451 Wort
1230 1425 1270 1451 ist
1288 1423 1351 1451 hier
1370 1424 1436 1451 Bei-

135 1462 214 1487 wort.
236 1476 271 1478 -—
291 1459 316 1495 5,
337 1458 355 1488 3
375 1461 509 1498 Ergfinze
529 1463 665 1498 Nosque?
685 1476 724 1481 -
742 1459 768 1496 8,
789 1459 809 1489 4
828 1461 953 1490 saecula.

501 1580 559 1612 166.
600 1581 642 1612 De
662 1590 685 1613 s.
707 1581 860 1613 Dominico
886 1581 1065 1614 Exsiliensi.

679 1648 811 1685 Hymnus
831 1649 882 1679 III.

139 1717 167 1750 1.
193 1717 258 1749 Fili
284 1727 321 1749 ox
346 1720 437 1756 patre
462 1717 575 1757 genite,
817 1719 849 1750 3.
875 1717 970 1757 Cujus
995 1726 1052 1750 nos
1076 1718 1166 1750 salva
1189 1717 1310 1749 meritis

195 1763 459 1808 Cumlcoaequali
485 1766 631 1796 neumate
874 1765 942 1797 iras
967 1773 1006 1796 ao
1030 1764 1142 1805 frange
1169 1764 1339 1804 daemonis,

197 1811 323 1844 Nostris
349 1812 460 1843 adesto
486 1810 644 1852 precibus,
874 1811 987 1843 Nullus
1010 1814 1190 1844 nostrorum
1213 1815 1326 1851 pereat

193 1859 274 1898 Quas
298 1859 331 1891 in
356 1858 417 1890 hoe
441 1856 522 1890 festo
548 1857 718 1890 fundimus.
875 1858 937 1891 Sed
962 1867 1087 1899 semper
1110 1867 1218 1900 sospes
1243 1859 1356 1893 valeat.

136 1927 166 1958 2.
193 1925 331 1957 Tuorum
356 1925 410 1964 pia
436 1924 574 1956 carmina
814 1925 845 1957 4.
873 1924 922 1957 Sit
945 1925 1013 1965 tibi,
1040 1924 1124 1957 alma
1148 1925 1273 1957 trinitas

194 1972 332 2007 Coelesti
358 1972 425 2004 dita
448 1971 559 2012 gioria,
874 1973 958 2004 Vere
981 1981 1115 2013 regnans
1139 1975 1171 2004 et
1194 1973 1307 2014 unitas,

192 2019 355 2053 Exorante
378 2018 555 2059 Dominioo,
874 2020 992 2059 Honor,
1018 2020 1097 2059 laus,
1122 2028 1237 2060 perpes
1261 2020 1332 2052 usia

194 2066 312 2099 Nostro
337 2069 471 2106 patrono
497 2067 625 2106 optimo.
877 2068 939 2099 Per
963 2067 1069 2098 saecla
1091 2065 1164 2099 finis
1190 2068 1306 2100 nescia.

208 2132 292 2160 Brev.
315 2131 501 2160 Cordubense
526 2133 596 2167 imp.
616 2131 735 2168 Hispali
766 2129 846 2159 1524.
868 2132 903 2159 A.
923 2145 960 2151 —-
979 2132 1110 2168 Vergara
1129 2132 1148 2159 1.
1169 2140 1192 2159 c.
1212 2142 1239 2169 p.
1260 2131 1324 2161 45‘0.
1345 2134 1377 2161 B.
1399 2148 1434 2153 —-

134 2171 186 2205 „In
205 2170 309 2198 ultimo
330 2170 401 2198 folio
422 2170 493 2200 dieti
512 2170 582 2198 libri
602 2170 784 2205 reperiuntur
804 2169 836 2197 hi
856 2170 912 2197 duo
933 2168 1059 2204 hymni.“
1081 2170 1113 2197 B.
1134 2185 1172 2190 —
1193 2168 1223 2203 1,
1245 2169 1263 2197 2
1284 2170 1354 2198 Cum
1376 2181 1431 2208 quo

133 2208 250 2245 aequali
269 2208 304 2235 A.
325 2219 362 2228 —·
382 2206 415 2242 2,
441 2205 459 2237 3
477 2207 652 2254 Exornante
667 2208 702 2235 A.
722 2223 758 2252 —·-
778 2206 811 2240 4,
832 2204 850 2234 3
870 2208 1073 2260 Hon01'‚·laus
1093 2210 1233 2263 perpetua
1250 2209 1284 2237 A.
1307 2223 1341 2228 —
1362 2209 1394 2263 45,
1415 2208 1435 2238 4

131 2246 335 2317 firfflum
354 2255 410 2312 33¹6
432 2244 1434 2319 ssssssffsseffissssssshfnssess13²}m1f23'1‘3t‘issffiiiss'p‘{offffiffiessssffflv'vss

134 2323 185 2349 auf
213 2322 275 2349 sich
305 2323 387 2351 seine
411 2321 565 2350 Annahme
590 2323 692 2356 sfiitzt,
723 2322 764 2348 ist
787 2329 837 2348 um
863 2329 895 2348 so
922 2322 1047 2359 weniger
1067 2321 1246 2359 ersichtlieh,
1272 2323 1316 2352 als
1338 2333 1367 2353 er
1387 2325 1433 2353 die

131 2360 238 2388 Lieder
257 2360 331 2389 auch
350 2369 406 2388 nur
425 2369 478 2389 aus
497 2360 629 2397 Vergara
646 2359 746 2388 kennt.
