1651 2518
741 97 994 147 -5258-

583 213 652 243 450.
691 213 734 243 De
754 219 778 242 s.
800 213 913 243 'Ehem-a
931 213 1156 246 cantuariensi.

776 296 823 324 Ad
844 294 971 326 Laudes.

497 382 527 414 1.
553 380 712 413 Praesulis
738 381 884 423 Thomae,
913 391 1034 414 summa
1057 384 1151 415 laude
1176 384 1272 425 digni,

557 426 662 469 Gesta,
689 427 789 467 plebs,
815 437 924 467 prome
947 429 1061 466 gaudio
1085 430 1209 470 insigni,

554 472 600 506 Ut
624 474 689 512 ejus
715 481 810 512 prece
834 483 853 506 a
877 475 1000 513 peceati
1024 473 1112 506 faece

602 518 818 552 Purificemur.

501 603 532 634 2.
558 601 621 634 Hic
645 603 787 642 agonista
812 603 891 635 mire
914 604 1073 635 laureatus

556 648 615 680 Est
642 649 693 681 die
716 650 779 681 ista
802 650 919 682 sanctis
944 650 1089 690 sociatus,

558 695 697 728 Fervido
719 696 787 728 zelo
812 699 883 728 orat
904 705 986 729 nunc
1010 698 1043 728 in
1069 697 1165 736 caelo,

603 742 649 775 Ut
673 751 865 776 coronemur.

502 828 533 860 3.
559 826 712 867 Martyris
737 827 808 867 Dei,
834 827 973 860 Thomac
998 828 1211 871 collaetantur,

558 874 707 906 Serviunt
732 875 760 906 ei
786 875 848 907 vivi
874 877 906 906 et
929 878 1107 916 precantur,

557 921 601 955 Ut
625 921 785 953 socientur
808 921 856 954 illi
881 926 912 954 et
934 922 1090 954 laetentur

628 968 698 1000 Vita
722 968 822 1001 beata.

503 1054 534 1085 4.
562 1053 659 1092 Aegri
684 1053 787 1084 sanati
811 1056 915 1093 grates
942 1053 1019 1084 dant
1041 1056 1183 1095 patrono,

557 1100 646 1139 Quod
668 1100 786 1131 visitati
811 1100 875 1132 sint
900 1100 1026 1132 coelesti
1052 1101 1144 1142 dono,

562 1147 661 1179 Caeco
684 1146 739 1178 lux
765 1146 866 1187 datur,
894 1148 1073 1179 claudicans
1099 1150 1226 1179 curatur

604 1193 697 1225 Peste
725 1193 843 1233 fugata.

501 1279 533 1311 5.
557 1277 771 1310 Ecclesiamm
795 1277 909 1309 Tomas
928 1278 978 1317 jus
1003 1279 1130 1318 tuendo,

558 1325 730 1364 Tamquam
755 1323 893 1356 ferarum
917 1325 981 1356 iras
1006 1323 1230 1365 confringendo

558 1371 691 1403 Hostem
714 1370 883 1410 profanum
905 1371 991 1411 vicit,
1016 1371 1215 1404 inhumanum

606 1417 673 1450 Sibi
698 1421 729 1449 et
752 1426 888 1450 saevum.

501 1504 531 1536 6.
558 1503 643 1542 Ergo
669 1503 804 1534 laetetur
828 1504 895 1535 tota
918 1510 994 1542 gens
1018 1502 1131 1545 fidelis,

560 1549 766 1583 Continuetur
792 1549 948 1581 canticum
970 1550 1003 1581 in
1029 1550 1135 1589 caelis,

559 1597 609 1629 Sit
633 1597 745 1629 chorus
769 1594 831 1629 iste
854 1597 982 1636 placens
1007 1596 1074 1637 tibi,
1102 1597 1234 1637 Christe,

604 1644 669 1676 Hic
692 1646 725 1675 et,
744 1644 778 1675 in
802 1652 923 1678 aevum.

502 1730 533 1761 ¹7.
558 1728 643 1761 Socii
668 1728 745 1767 cari,
769 1726 885 1760 festum
907 1727 1100 1760 celebremus

559 1777 699 1808 Thomae
722 1775 879 1814 praeclari
904 1778 998 1816 atque
1022 1776 1105 1807 hunc
1128 1785 1281 1817 rogemus,

559 1824 606 1857 Ut
628 1823 776 1854 universa
799 1822 921 1854 animae
943 1822 1079 1855 adversa

606 1869 740 1901 Prorsus
765 1869 932 1903 vincamus,

501 1954 532 1986 8.
556 1953 787 1984 Altitonantem
811 1955 934 1992 patrem
959 1953 1156 1995 honoremus,

557 1999 625 2031 Nos
650 1998 874 2038 gubernantem
897 1998 997 2031 filium
1019 2001 1193 2042 laudemus,

558 2046 658 2077 Amor
682 2045 843 2077 amborum
869 2046 1010 2078 cordium
1033 2050 1212 2080 nostrorum

605 2091 750 2123 Claustra,
774 2095 946 2124 conservet.

305 2182 423 2218 Antiph.
443 2191 495 2210 ms.
516 2191 590 2210 saec.
613 2180 656 2210 13.
672 2183 739 2211 eod.
757 2183 848 2219 Capit.
864 2184 965 2211 Oscen.
986 2192 1008 2210 s.
1029 2194 1057 2211 n.
1078 2184 1111 2210 A.
1133 2198 1168 2202 —
1181 2185 1266 2213 Brev.
1281 2186 1441 2221 Sigenense
1454 2189 1522 2224 imp.

230 2219 478 2255 Caesaraugustae
507 2217 587 2247 1547.
614 2220 647 2247 B.
693 2235 707 2236 ’ν
734 2221 817 2247 Brev.
846 2221 1097 2256 Calagum-itanum
1124 2223 1153 2249 et
1172 2221 1352 2251 Caleiatense
1375 2226 1443 2259 imp.
1464 2227 1522 2254 Lu-

228 2257 322 2282 cronii
343 2254 424 2284 1543.
444 2257 475 2284 G.
501 2271 538 2276 -—
558 2255 585 2290 2,
607 2255 623 2283 1
643 2257 692 2284 Sic
711 2258 846 2292 agonista
864 2258 898 2285 B.
916 2273 953 2276 —
973 2256 1000 2289 4,
1023 2257 1038 2285 l
1058 2258 1154 2293 Aegra
1172 2262 1276 2287 sanata
1295 2261 1328 2293 B,
1348 2265 1467 2291 sanatos
1485 2264 1521 2292 A.

227 2290 358 2356 —hl5,01
386 2294 513 2321 Thomas
539 2295 597 2321 m'si
621 2293 727 2321 tuendo
751 2295 785 2321 B.
813 2309 850 2313 —
880 2293 905 2328 5,
931 2293 949 2322 3
968 2295 1091 2322 Hostem
1115 2296 1281 2331 profanavit
1298 2298 1332 2326 B.
1359 2315 1394 2320 —
1420 2300 1477 2329 Str.
1504 2300 1522 2329 5

225 2330 253 2356 fe
286 2330 299 2354 t
343 2348 349 2355 .
