1651 2518
718 94 951 128 -28-

658 204 686 234 3.
723 204 767 235 De
784 203 908 234 Nomine
928 202 1011 234 Jesn.

746 268 793 297 Ad
811 267 936 297 Laudes.

197 341 227 373 1.
254 340 370 372 Noster
396 340 505 370 chorus
531 338 722 370 modulatum
868 338 898 369 3.
924 334 1061 366 Auditur
1084 334 1130 365 nil
1151 334 1329 373 Juoundius,

253 386 375 419 Psallat
397 387 504 418 Jesum
529 384 701 424 magnifice,
927 381 1057 415 Ganitur
1080 380 1127 412 nil
1151 380 1276 412 suavius

254 433 305 465 Ab
334 432 466 463 excelsis
492 432 677 471 derivatum,
923 427 992 459 Neo
1016 428 1170 467 cogitatur
1195 427 1327 469 dulcius,

252 479 411 517 Hymnum
433 487 548 510 novum
572 477 721 508 laetitiae.
924 475 1021 513 Quam
1046 483 1084 505 ex
1109 474 1194 505 coelo
1218 481 1331 505 nomen
1356 472 1456 505 Jesus.

198 536 230 567 2.
255 534 385 566 Gratum
409 541 520 565 nomen
545 528 684 575 [nomen]
709 532 796 572 Jesu,
867 532 898 563 4.
923 530 1008 562 Laus
1033 530 1117 569 patri
1141 530 1184 560 sit
1205 529 1354 571 ingenito,

256 580 365 613 Dulcis
391 581 457 619 ejus
481 579 669 619 praesentia,
927 577 1011 608 Laus
1038 577 1104 615 ejus
1129 575 1288 616 unigenito

257 627 366 659 Cordis
394 629 478 658 certa
502 634 574 665 spes
601 625 639 657 de
663 625 755 656 venia
926 623 1010 655 Laus
1035 624 1075 654 sit
1100 625 1208 654 sancto
1233 622 1358 662 spiritui

258 673 346 706 Dans
371 682 426 709 gas
428 673 508 704 tanti
534 680 609 704 vera
632 672 755 711 gaudia.
926 669 971 701 Et
994 670 1146 702 altissimo
1167 669 1293 701 nomini.

271 737 354 765 Bra
376 736 493 771 Compo
485 737 638 763 tellanum
658 737 726 771 imp
747 735 918 771 Ulisiponae
940 732 1020 761 1497.
1041 735 1075 761 A.
1151 735 1233 761 BreV.
1254 735 1397 761 Auriense
1416 734 1484 769 imp.

200 774 395 802 Salmantioao
416 772 496 801 1501.
516 774 548 801 Β.
568 788 605 791 -
627 773 659 806 i,
680 771 697 799 2
717 772 790 801 Jesu
808 773 840 799 B.
859 786 896 790 -—
916 770 949 806 2,
968 769 986 798 3
1007 779 1050 806 sq.
1070 771 1166 799 haben
1185 772 1217 797 in
1236 771 1341 798 beiden
1361 771 1484 804 Quelleu

202 813 266 839 eine
285 811 365 839 silbe
378 820 415 838 zu
434 811 503 838 viel.
523 825 558 830 -
578 809 636 845 4,1
657 811 733 846 patri
753 812 792 837 sit
810 810 844 837 A

661 929 690 959 4.
732 929 776 959 De
795 928 917 959 Nomine
935 929 1018 959 Jesu.

745 993 793 1023 Ad
811 994 936 1023 Laudes.

207 1064 237 1096 1.
264 1064 350 1102 Jesu,
374 1071 431 1095 rex
457 1063 704 1102 clementissime,
873 1064 903 1095 3.
930 1063 1050 1094 Nomen
1075 1062 1134 1094 tibi
1159 1063 1351 1104 elementiae,

260 1109 306 1141 Da
329 1110 436 1149 robur,
461 1109 510 1141 fer
534 1110 694 1148 auxilium,
928 1109 1038 1150 Dulce,
1064 1118 1170 1149 suave,
1194 1109 1340 1148 amabile,

258 1156 303 1189 Ut
328 1156 428 1196 dignis
453 1159 506 1188 tuo
530 1157 649 1188 nomini
931 1156 1020 1194 Quod
1044 1156 1176 1187 laudant
1199 1165 1305 1187 omnes
1330 1155 1433 1195 angeli

261 1202 378 1234 Laudis
404 1211 549 1234 canamus
573 1203 684 1235 titulis.
930 1202 974 1234 Et
996 1202 1158 1235 beatorum
1183 1203 1322 1241 spirituS.

208 1261 238 1291 2.
264 1258 384 1290 Nomen
409 1259 466 1290 tibi
489 1259 658 1298 potentiae,
876 1261 906 1290 4.
932 1258 1054 1289 Nomen
1077 1258 1136 1290 tibi
1157 1261 1330 1298 perpetuae

262 1304 430 1337 Excelsum
455 1311 486 1335 et
509 1305 661 1344 terribile,
934 1304 1050 1336 Salutis
1075 1307 1168 1345 atque
1192 1305 1320 1344 gloriae,

261 1352 318 1384 Cui
343 1360 433 1383 omne
456 1360 536 1391 genu
559 1349 706 1392 flectitur,
934 1352 996 1383 Per
1021 1351 1103 1390 quod
1129 1355 1233 1383 coetus
1256 1351 1397 1384 fidelium

262 1398 350 1437 Quod
376 1400 472 1437 pavet
494 1398 588 1429 turha
613 1398 806 1430 daemonum.
934 1398 1067 1437 Oportet
1089 1399 1193 1429 salvos
1218 1398 1296 1431 fieri.

651 1454 760 1486 Gloria
783 1454 851 1495 tibi,
876 1453 1018 1487 Domine.

280 1519 362 1546 BreV.
383 1516 647 1553 Compoztellauum
666 1520 734 1554 imp.
755 1518 950 1545 Salmanfieae
971 1516 1052 1545 1569.

674 1636 701 1668 5.
734 1636 778 1668 De
796 1636 920 1668 Nomine
942 1635 1023 1667 Jesu.

737 1704 786 1733 Ad
803 1704 961 1742 Vesperas.

414 1772 443 1805 1.
470 1772 589 1804 Nomen
615 1772 771 1803 excelsum
795 1772 922 1805 Domini
950 1782 1106 1814 canamus,

478 1819 567 1857 Quod
590 1827 827 1859 supergressum
851 1828 947 1860 super
973 1829 1063 1852 omne
1087 1830 1200 1853 nomen

476 1865 580 1897 Altius
605 1866 725 1897 eunetis
748 1866 894 1899 volitavit,
914 1867 1000 1899 ultra

524 1912 637 1945 Sidera
662 1913 750 1945 coeli.

416 1979 447 2010 2.
472 1978 522 2009 De
544 1978 615 2010 sinu
638 1979 740 2016 patris
762 1978 891 2010 verbum
915 1977 1064 2019 exsilivit,

477 2024 565 2063 Quod
591 2023 652 2056 fuit
674 2033 798 2065 semper
821 2026 921 2057 minus
946 2026 1035 2057 haud·
1055 2029 1197 2068 parente,

477 2071 521 2103 Et
543 2074 653 2110 petens
677 2074 777 2104 terras
802 2072 898 2103 subiit
920 2073 1067 2112 pudicam

525 2117 664 2157 Virginis
689 2118 803 2152 alvum.

416 2185 447 2217 3.
471 2183 516 2215 Et
540 2193 611 2216 earo
635 2182 753 2216 factum
777 2184 922 2218 tenebras
946 2184 1051 2224 abegit

478 2231 596 2262 Mentis
620 2232 772 2264 humanae
798 2231 964 2271 docuitque
987 2240 1061 2263 vere

479 2277 545 2309 Nos
569 2277 631 2309 Dei
655 2279 771 2310 cultum
791 2278 878 2310 Deus
902 2278 981 2318 ipse,
1006 2280 1109 2319 Jews,

525 2324 682 2356 Maximus
706 2327 825 2357 auotor.
