1651 2518
693 90 948 127 —159—

204 214 210 220 .
236 186 394 219 Euntibus
419 188 571 228 apostolis

236 234 299 266 Per
324 237 437 266 cuncta
459 235 570 267 mundi
595 236 731 275 elimata,

235 281 298 312 Hic
321 281 534 322 Hispanorum
559 282 684 322 populis

236 328 302 360 Dat
327 327 444 361 Christi
468 337 559 360 sacra
584 330 738 370 dogmata.

201 409 208 415 .
234 383 342 417 Effuso
369 385 496 417 tandem
520 386 680 425 sanguine,

238 431 353 464 Caesus
377 431 516 464 Herodis
541 433 655 471 gladio,

235 479 458 519 Apostolorum
482 480 605 520 agmine

238 525 361 558 Primus
387 525 476 557 fulsit
498 527 660 566 martyrio.

853 189 883 221 7.
911 187 1005 227 Cujus
1031 193 1143 224 eorpus
1170 183 1318 217 divinitus

909 236 985 267 Post
1008 233 1141 264 immane
1167 229 1355 271 supplicium

908 280 1082 321 Hispaniae
1107 278 1252 311 donatum
1278 279 1325 309 est

908 330 946 361 In
970 328 1091 368 patriae
1113 325 1314 366 praesidium.

855 386 885 418 8.
914 385 1064 426 Concede,
1090 385 1181 423 pater
1204 382 1364 422 luminum,

911 433 957 466 Ut
981 430 1091 465 Jacobi
1116 429 1268 469 suffragiis

913 480 989 511 Post
1010 479 1102 518 huius
1126 477 1209 509 vitae
1231 475 1397 508 terminum

911 526 998 559 Coeli
1022 524 1162 557 fruamur
1185 523 1316 563 gaudiis.

252 592 337 619 BreV.
362 600 415 618 ms.
439 591 495 619 FF.
525 589 554 617 S.
581 588 754 626 Hieronymi
784 592 852 618 anni
879 588 958 619 1463.
979 590 1047 618 Cod.
1067 589 1212 616 Matriten.
1232 587 1259 615 A
1285 585 1347 615 169.
1367 587 1402 613 A.

177 629 280 656 Diurn.
301 637 353 656 ms.
373 629 430 656 FF.
451 628 480 657 S.
501 628 673 664 Hieronymi
692 637 765 656 saec.
789 626 831 656 15.
852 628 920 657 Cocl.
941 627 969 656 S.
989 627 1133 655 Fernandi
1150 627 1296 654 Matriten-
1314 623 1356 653 13.
1377 625 1410 652 B.
1431 639 1466 643 —

178 666 263 694 Brev.
288 666 345 694 FF.
371 665 399 693 S.
421 666 594 699 Hieronymi
619 667 688 702 imp.
707 666 846 703 Lugduni
871 664 952 694 1547,
973 666 1005 695 Ο.
1033 680 1070 685 —
1089 666 1172 693 Brev.
1195 664 1372 691 Civitatense
1397 665 1467 698 imp.

181 702 260 732 1555.
281 705 317 732 D.
337 718 375 724 ω-
394 704 477 732 Brev.
498 704 554 732 FF.
575 704 607 731 S.
625 704 796 738 Hieronymi
814 705 883 740 imp.
906 703 1151 739 Caesaraugustae
1172 700 1252 730 1562.
1272 701 1307 728 E.
1322 717 1361 722 —
1383 702 1464 729 BreV.

180 741 444 777 Compostellanum
464 742 533 778 imp.
554 740 748 769 Salmantieae
770 739 849 769 1569.
870 741 902 769 F.
921 756 959 762 -
977 740 1022 769 Ad
1040 742 1182 777 Vesperas
1202 740 1260 767 AB.

619 861 683 892 270.
723 861 766 892 De
786 861 892 892 sancto
912 860 1031 891 Jacobo.

673 927 720 959 Ad
740 928 827 965 Vesp.
849 931 878 957 et
895 927 980 958 Noct.

854 999 885 1029 4.
911 995 964 1027 Sic
988 1003 1095 1027 verum
1122 995 1233 1035 dogma
1258 995 1406 1034 creditur,

235 1043 383 1082 Apostoli
407 1043 608 1084 sanctissimi,
912 1042 965 1074 Sic
988 1050 1096 1074 verum
1120 1043 1224 1074 lumen
1249 1042 1358 1081 oritur,

235 1088 360 1121 Fratris
385 1089 547 1130 Johanffls,
573 1091 692 1122 strenui
909 1089 988 1129 Quia
1011 1090 1158 1128 splendet
1179 1088 1337 1121 miraculis

236 1135 381 1168 Factoris
404 1136 568 1175 evangelii.
912 1137 1036 1169 Lucens
1059 1137 1189 1168 lucerna
1211 1137 1345 1176 populis.

179 1194 212 1225 2.
236 1193 296 1232 Qui
315 1192 424 1224 visitat
449 1192 633 1232 Samariam,
855 1194 887 1226 5.
911 1192 977 1225 Nos
1002 1201 1124 1233 quoque
1147 1195 1217 1225 tuos
1242 1192 1359 1232 adjuva

238 1239 370 1271 Gentem
396 1239 488 1271 simul
513 1239 688 1277 Judaicam‚
911 1239 955 1271 Et
977 1241 1018 1272 ad
1041 1248 1177 1280 superna
1201 1240 1339 1281 subleva,

184 996 214 1029 1.
239 994 370 1027 Festum
396 996 532 1028 colamus
557 996 678 1038 Jacobi‚

236 1286 353 1318 Hostes
375 1286 529 1326 malignos
555 1286 762 1325 comprimens

234 1332 410 1374 Fidemque
434 1342 543 1365 sanam
567 1334 759 1372 imprimens,

181 1392 189 1402 ⁸
205 1415 212 1421 .
238 1389 304 1422 Dat
325 1390 429 1421 locum
455 1392 486 1421 et
508 1389 679 1429 hospitium

237 1435 362 1469 Christo
385 1437 510 1476 piarum
534 1436 693 1476 mentium,

238 1484 320 1517 Dum
342 1486 471 1523 reparat
494 1483 662 1515 virtutibus

237 1530 281 1563 Et
301 1534 394 1570 parat
417 1532 522 1562 lumen
548 1530 706 1562 cortlibuS.

913 1287 959 1320 Ut
981 1286 1043 1318 tuis
1068 1287 1158 1318 almis
1182 1286 1329 1326 precibus

911 1334 1085 1373 ‹Iungamur
1107 1335 1141 1366 in
1167 1334 1362 1368 coelestibus,

879 1416 886 1422 .
912 1389 962 1421 Sit
986 1390 1120 1422 trinitati
1145 1390 1266 1429 pariter

910 1436 954 1468 Et
977 1437 1091 1469 unitati
1113 1438 1230 1477 Jugiter

910 1484 1029 1528 Honor,
1057 1485 1151 1516 decus
1177 1488 1207 1516 et
1232 1484 1331 1525 gloria

911 1530 972 1563 Per
995 1530 1119 1563 infinita
1142 1532 1276 1564 saecula.

258 1595 342 1623 Brev.
364 1604 416 1623 ms.
437 1595 729 1623 Romano-Francis&
750 1603 824 1622 saec.
846 1594 890 1623 15.
914 1595 982 1624 Cod.
1002 1596 1090 1625 Univ.
1110 1596 1226 1624 Valent.
1246 1594 1420 1625 90—4—35.

624 1714 682 1747 271.
720 1715 764 1747 De
783 1716 888 1747 sancto
907 1715 1026 1747 Jacobo.

731 1782 779 1812 A<l
797 1782 922 1813 Laudes.

859 1853 891 1886 3.
917 1851 1012 1885 Dirus
1037 1852 1175 1885 Herodis
1199 1853 1323 1894 gladius

915 1901 1024 1932 Talem
1048 1899 1188 1932 funestat
1211 1901 1340 1940 apicem,

181 1852 212 1885 1.
235 1853 352 1885 Parata
377 1851 443 1891 poli
466 1851 617 1892 praemia,

237 1899 354 1939 Quibus
378 1898 500 1938 potitur
524 1898 673 1942 Jacohus,

237 1946 429 1979 Plaudentes
456 1955 525 1978 cum
548 1946 680 1987 laetitia,
915 1947 1008 1979 Nunc
1032 1947 1098 1987 ejus
1122 1949 1223 1980 almus
1247 1949 1377 1989 spiritus

235 1994 344 2026 Laetis
370 2002 516 2026 canamus
538 1993 705 2027 mentibus.
913 1994 1032 2035 Regem
1056 1995 1138 2035 regit
1161 1999 1193 2027 et
1214 1996 1399 2037 principem.

178 2053 209 2085 2.
232 2051 448 2091 Hispanorum
473 2059 564 2091 quem
588 2051 763 2091 principem
858 2053 890 2085 4.
918 2051 1011 2084 Orbis
1036 2055 1175 2084 extrema
1193 2052 1332 2093 ,iubilant

235 2099 353 2132 Sancta
375 2098 464 2131 novit
488 2099 632 2141 ecclesia,
915 2098 979 2131 Sub
1002 2101 1111 2132 nostro
1131 2101 1205 2140 polo
1227 2102 1356 2144 arctico,

235 2147 303 2179 Illis
331 2147 405 2179 dum
429 2146 563 2187 praebet
584 2147 724 2186 regimen
914 2146 1063 2179 Remotae
1086 2147 1195 2187 plebes
1220 2149 1360 2190 visitant,

236 2194 413 2235 Panditque
438 2194 517 2226 coeli
540 2194 668 2228 lumina.
915 2194 1002 2226 Coeli
1026 2195 1189 2234 replentur
1212 2196 1336 2237 gaudio.

621 2252 651 2284 5.
679 2250 728 2283 Sit
749 2250 884 2283 trinitati
907 2252 1037 2291 pariter.

252 2317 335 2345 Brev.
355 2325 407 2345 ms.
421 2318 715 2347 Romano-Francisc.
733 2325 809 2345 saec.
832 2315 874 2345 15.
891 2317 960 2345 Cod.
974 2317 1061 2345 Univ.
1075 2318 1221 2347 Valentin.
1242 2318 1417 2350 90—4-35.
1433 2337 1470 2343 ——

179 2354 204 2392 1,
229 2354 245 2383 1
263 2355 392 2383 Patrata.
413 2371 451 2376 —-
471 2353 498 2393 3,
520 2353 536 2383 1
555 2355 697 2384 Herodes.
714 2370 752 2376 —-
772 2353 798 2390 3,
819 2353 837 2382 2
856 2355 986 2384 funestat
1002 2356 1126 2392 gladius.
1147 2373 1183 2377 —
1202 2356 1228 2394 4,
1249 2356 1267 2387 3
1287 2359 1377 2395 plebs.
