1651 2518
733 122 986 157 -252—

446 214 474 243 4.
494 217 546 250 Tu,
567 216 648 251 cujus
668 217 754 251 caput
774 216 918 251 portravit
954 216 1036 242 Tunc
1054 223 1189 243 coronam
1208 217 1347 251 spineam,

496 253 600 281 Sancto
621 253 726 280 dedisti
746 252 851 280 Severo
891 252 1046 280 Aureolam
1064 252 1211 288 fulgidam,

494 291 536 319 Ut
555 299 674 326 regnum
693 290 767 318 coeli
786 298 837 325 pro
858 291 940 317 clavo
979 290 1151 318 Penetrantc
1169 292 1290 327 galeam.

448 337 473 366 5.
493 339 588 365 Tuum
606 337 683 364 latus
704 340 733 364 et
751 339 878 364 extrema
914 336 1133 373 Transfiguntur
1152 337 1252 373 rigide,

494 376 589 410 Hujus
609 376 743 409 martyris
764 382 898 409 suprema
934 374 987 401 Vis
1007 376 1141 402 roz-entur
1161 376 1309 411 sanguine,

493 413 579 440 Unde
595 411 685 439 habet
703 411 836 439 diadema
874 412 945 439 Cum
966 412 1085 440 coelesti
1105 412 1264 447 chlamyde.

226 457 252 493 4,
276 457 290 485 1
304 459 409 486 Iuncus
424 459 458 485 A.
480 474 516 478 —
535 457 562 492 4,
587 455 604 485 3
617 458 699 484 Intus
718 458 786 484 huic
798 459 833 484 A.
852 473 891 477 —
908 456 935 491 4,
959 456 976 484 5
990 458 1062 486 Cute
1076 466 1157 485 suam
1170 459 1204 486 A.
1218 474 1249 479 -—
1271 457 1296 492 6,
1317 457 1334 485 5
1348 458 1441 486 hostis
1454 458 1512 485 AB.

626 593 694 625 439.
732 593 775 625 De
795 595 900 625 saneto
920 594 1111 626 Sebastiano.

230 675 259 706 1.
286 673 361 705 Dies
384 673 548 713 praeclara
571 673 681 704 rutilat
896 674 928 705 4.
955 673 1015 706 Est
1035 673 1210 714 smaragdis
1233 673 1376 705 veritatis

283 719 368 751 Luce
391 719 524 759 pulchra,
546 719 713 762 irradians,
957 720 1108 752 Planities
1134 720 1319 752 diadematis

286 766 461 798 Sebastiani
484 766 632 806 martyris
956 767 1142 807 Conspersa,
1168 767 1263 807 guttis
1287 766 1446 807 sanguinis

284 813 420 852 Fulgens
445 821 559 844 corona
583 812 688 845 nobili.
954 813 1052 852 Quam
1078 814 1193 853 sagitta
1217 813 1399 846 rubricavit.

226 890 257 921 2.
283 887 381 926 Quam
404 886 466 919 sibi
489 895 625 918 summus
648 886 756 927 opifex
898 891 928 921 5.
953 888 1048 920 Miles
1073 887 1164 920 fortis
1187 889 1222 920 in
1244 891 1410 930 tormento,

281 934 413 967 Devicto
440 934 521 965 bello
546 934 662 966 saeculi
953 935 1078 975 Martyr
1104 935 1220 974 duplex
1244 936 1405 976 patiendo,

285 980 421 1012 Gemmis
446 981 541 1012 variis
565 981 701 1012 lucidam
955 982 1041 1014 Duos
1066 991 1180 1021 agones
1204 982 1358 1014 sustinens

283 1027 380 1067 Regio
407 1027 496 1059 dedit
518 1035 656 1060 munere.
954 1028 1065 1060 Binan]
1091 1037 1236 1060 coronam
1259 1029 1383 1061 meruit.

228 1104 257 1135 3.
284 1102 380 1134 Fides
404 1103 489 1134 lueet
511 1103 544 1133 in
569 1102 724 1142 saphyris,
898 1104 928 1135 6.
954 1103 1131 1135 Laudemus
1156 1103 1247 1135 simul
1271 1103 1446 1143 praesulem

286 1150 415 1181 Sacrata
439 1157 511 1187 spes
535 1150 568 1180 in
593 1148 733 1191 beryllis,
954 1150 1190 1190 Martyremque
1213 1149 1397 1192 Fabianum,

286 1195 406 1227 Sardiis
431 1195 523 1226 rubet
546 1195 670 1234 caritas,
955 1196 1050 1234 Quem
1077 1196 1244 1229 chrismate
1268 1197 1462 1236 omnipotens

286 1242 467 1273 Constantia
490 1242 701 1281 chrysolithis.
955 1243 1055 1275 Unxit
1078 1244 1233 1283 tinxitque
1257 1244 1415 1283 sanguine.

634 1317 662 1348 7.
689 1316 783 1357 Laus,
809 1316 907 1348 honor
933 1317 1039 1357 virtus,
1064 1317 1165 1356 gloria

695 1364 757 1395 Pro
782 1363 911 1395 solemni
934 1364 1066 1396 victoria

696 1409 799 1442 Incliti
825 1410 1000 1442 Sebastiani

694 1457 899 1496 Hymnizetur
922 1457 955 1487 in
978 1457 1112 1490 saecula.

300 1540 383 1567 Brev.
402 1547 454 1567 ms.
467 1539 639 1566 'toletanum
652 1547 726 1566 saec.
738 1537 781 1567 14.
805 1538 873 1567 God.
886 1539 1033 1567 Matriten.
1046 1539 1091 1567 Ἐξ.
1111 1537 1174 1567 147.
1194 1555 1230 1559 —
1250 1537 1278 1573 3,
1297 1539 1317 1567 4
1330 1539 1461 1567 Sardius-
1474 1554 1510 1558 —

231 1577 258 1610 4,
281 1576 295 1604 1
317 1577 507 1611 esmeragdus.

636 1706 706 1736 440.
746 1705 788 1736 Dc
805 1707 909 1737 saneto
929 1705 1119 1738 Sebastiano.

497 1786 526 1817 1.
550 1786 625 1824 Iste,
651 1786 702 1824 qui
728 1786 830 1818 coelos
854 1786 967 1818 meruit
990 1786 1141 1826 benignus

554 1832 721 1873 Scandere,
747 1841 897 1873 spargens
921 1833 975 1871 pia
998 1834 1096 1865 verba
1119 1832 1234 1864 Christi

553 1878 679 1919 Martyr
704 1883 752 1911 est
773 1880 924 1920 milesque
947 1879 1156 1922 Sebastianus,

600 1925 706 1958 Fortis
730 1927 860 1961 athleta,

497 2003 527 2033 2.
554 2001 627 2041 Ipse
650 2010 722 2032 nam
745 2002 859 2033 multos
883 2002 1015 2033 Domino
1041 2002 1161 2033 remisit

555 2049 661 2087 Atque
686 2049 725 2080 de
748 2048 872 2087 injustis
894 2048 1075 2088 rabidisque
1095 2049 1197 2087 justos

555 2095 647 2126 Fecit
669 2098 828 2127 aeternam
854 2103 968 2135 cupere
992 2099 1024 2126 et
1046 2098 1204 2134 repertam

599 2141 704 2173 Morte
727 2142 868 2176 salutem.

501 2218 531 2249 3.
558 2216 686 2256 Quando
711 2226 769 2257 pro
796 2217 919 2250 Christo
943 2217 1042 2248 voluit
1065 2217 1186 2257 sagittis

557 2263 675 2302 Corpus
700 2263 790 2295 allidi
816 2267 848 2295 et
871 2273 928 2296 sua
949 2264 1090 2295 membra
1112 2262 1176 2303 figi,

555 2310 601 2342 Ut
624 2310 691 2342 Deo
716 2310 792 2342 felix
814 2311 948 2343 animam
972 2310 1107 2342 referret

599 2356 735 2389 Numine
757 2358 851 2389 trino.
