1651 2518
715 99 970 134 -215-

572 209 636 240 376.
675 211 718 242 De
737 219 761 242 s.
782 210 881 242 Maria
899 209 1100 251 Aegyptiace.

744 278 791 308 Ad
809 278 935 309 Laudes.

216 369 223 376 .
248 344 355 384 Aegra
382 345 484 376 currit
507 346 549 377 ad
572 347 739 387 porticum,
871 349 901 381 3.
927 346 1047 379 Audita
1069 345 1181 385 implet
1205 345 1299 377 avida

250 391 369 431 Nequit
392 392 509 423 habere
534 393 665 435 aditum,
928 393 1045 426 Christi
1071 392 1187 425 confisa
1211 392 1323 432 gratia,

248 437 344 469 Flens
370 447 492 478 quoque
516 440 621 471 statim
646 442 766 481 reperit
926 440 1004 472 Tres
1028 449 1126 479 panes
1151 448 1255 471 seeum
1281 439 1403 477 detulit,

249 486 287 517 In
312 485 371 517 Dei
396 489 507 526 matre,
534 487 618 526 quod
641 489 731 528 petit.
928 487 989 519 Per
1011 495 1087 526 quos
1112 495 1146 519 se
1169 487 1202 517 in
1219 486 1327 517 orbem
1343 484 1483 517 contulit„

215 567 221 574 .
248 541 431 582 Surgentem
459 551 528 574 oum
551 542 668 576 fiducia
868 545 900 576 4.
926 543 990 576 Uni
1012 542 1081 574 Deo
1105 544 1147 575 sit
1171 543 1271 583 gloria

249 589 377 620 Intrare
398 590 508 629 templi
534 591 624 630 ostia,
927 590 988 622 Pro
1013 589 1195 622 multiformi
1221 589 1331 630 gratia,

248 635 318 667 Vox
344 637 422 668 coeli
447 637 534 669 clara
557 637 689 678 intonat,
927 637 985 676 Qui
1010 637 1117 675 culpas
1141 640 1173 668 et
1197 636 1354 676 supplicia

247 680 380 714 Flumen
405 684 555 717 Jordanis
580 687 729 716 transeat.
923 684 1069 716 Remittit
1092 687 1123 715 et
1149 684 1203 715 dat
1227 683 1378 723 praemia.

266 748 348 774 Brev.
364 747 616 784 Calagurritanum
631 752 660 776 et
673 749 853 777 Caleiatense
868 749 937 784 imp.
950 748 1089 775 Lueronii
1107 746 1186 776 1543.
1202 763 1241 768 —
1254 745 1280 781 2,
1300 746 1320 774 4
1337 748 1480 775 Fluvium.

571 885 635 918 377.
675 888 718 918 De
738 895 761 918 s.
781 887 881 918 Maria
900 884 1101 925 Aegyptiace.

707 954 755 983 Ad
773 954 962 984 Nocturnum.

212 1047 217 1053 .
245 1022 364 1054 Nostra
388 1025 491 1053 cantet
518 1023 651 1055 ecclesia
865 1025 895 1056 3.
921 1022 1028 1062 Usque
1052 1023 1092 1054 ad
1119 1021 1203 1053 fores
1229 1022 1380 1053 ecelesiae

248 1069 366 1101 Summi
391 1070 474 1108 regis
500 1070 665 1113 magnalia,
920 1068 1065 1100 Accessit
1088 1070 1277 1109 ingressura,

243 1116 302 1155 Qui
327 1125 365 1147 ex
388 1117 535 1156 Aegypto
559 1116 694 1149 Mariam
919 1115 972 1147 Ad
995 1124 1131 1147 eremum
1153 1117 1219 1156 jam
1243 1117 1347 1148 tendit

241 1163 292 1194 Ad
318 1172 406 1194 suam
429 1163 605 1195 transvexit
628 1164 769 1204 gloriam.
918 1163 1051 1194 Domino
1076 1164 1242 1195 servitura.

209 1243 216 1250 .
245 1219 348 1251 Vitam
375 1219 491 1251 ducens
517 1218 732 1253 foedissimam
860 1221 892 1253 4.
918 1219 1070 1250 Humanis
1095 1228 1208 1260 nempe
1233 1220 1353 1251 solatiis

241 1267 302 1298 Per
323 1266 420 1298 nimia
445 1267 547 1298 carnis
573 1268 724 1300 scandala
919 1266 1050 1298 Omnino
1076 1267 1222 1308 caritura,

244 1313 471 1353 Jerosolymam
497 1314 634 1345 tetendit
917 1313 1065 1345 Plurimis
1090 1314 1288 1346 abstinentiis

244 1360 296 1391 Ad
322 1368 445 1392 crucem
470 1361 673 1394 adorandam.
920 1360 1149 1392 Poenitentiam
1173 1363 1292 1393 actura.

570 1418 599 1449 5.
624 1416 689 1449 Nos
713 1417 776 1456 ipsi
802 1417 909 1448 demus
934 1416 1075 1456 gloriam,

627 1465 684 1503 Qui
710 1464 774 1495 suis
801 1464 856 1495 dat
879 1464 1044 1495 victoriam

625 1510 670 1543 Et
693 1511 828 1543 Mariam
852 1510 1044 1553 Aegyptiam

628 1559 680 1590 Ad
706 1567 792 1589 suam
819 1558 909 1589 duxit
931 1557 1078 1597 patriam.

258 1622 341 1649 Brev.
362 1630 414 1649 ms.
429 1621 590 1649 Oxomense
612 1630 685 1650 saec.
708 1621 751 1650 15.
773 1622 840 1650 Cod.
857 1622 949 1657 Capit.
962 1622 1099 1649 Oxomen.
1120 1632 1142 1650 s.
1162 1632 1189 1651 n.
1219 1639 1240 1642 --
1266 1621 1291 1656 2,
1312 1623 1327 1650 ὃ
1350 1623 1478 1650 tondenti

183 1661 236 1688 Hs.
257 1674 294 1678 ——
314 1658 339 1693 5,
360 1658 380 1687 4
399 1659 536 1694 produxit
553 1659 614 1694 Hs3
631 1660 785 1695 jedenfalls
805 1660 947 1695 perduxit.

565 1797 630 1829 378.
666 1799 709 1830 De
728 1806 752 1829 s.
772 1797 872 1829 Maria
892 1798 1091 1838 Aegyptiaea.

739 1865 787 1894 Ad
806 1864 932 1894 Laudes.

182 1939 213 1971 1.
241 1936 367 1968 Laudes
392 1934 535 1975 perfudit
558 1934 698 1967 Zosimas
861 1935 891 1965 2.
919 1933 1089 1973 Sumptura
1115 1942 1228 1974 eorpus
1253 1934 1450 1967 Dominicum

236 1985 290 2016 Ad
314 1992 469 2015 summum
493 1990 598 2022 regem
622 1982 752 2023 gloriae⁷
918 1980 967 2013 De
990 1990 1084 2012 manu
1108 1981 1232 2013 abbatis
1255 1982 1398 2014 Zosimae

237 2032 295 2072 Qui
322 2040 436 2071 magna
460 2029 619 2061 mirabilia
915 2028 1049 2060 Flumen
1074 2029 1189 2060 transit
1212 2030 1414 2062 Jordanie-um

236 2079 336 2112 Manu
360 2080 470 2118 patrat
491 2077 678 2117 Aegyptiae.
917 2076 1001 2107 Miro
1026 2074 1150 2108 suffulta
1175 2077 1301 2109 lumine.

563 2144 595 2176 3.
622 2143 689 2175 Nos
713 2143 774 2183 ipsi
802 2142 908 2174 demus
934 2141 1075 2184 gloriam,

621 2191 681 2230 Qui
705 2191 769 2223 suis
794 2191 849 2222 dat
873 2189 1036 2221 victoriam

622 2238 665 2271 Et
688 2238 823 2271 Mariam
850 2237 1040 2278 Aegyptiam

616 2287 670 2318 Ad
694 2295 781 2318 suam
809 2285 899 2317 duxit
920 2284 1066 2324 patriam.

247 2364 329 2390 Brev.
351 2371 403 2390 ms.
424 2361 587 2390 Oxomense
607 2369 682 2389 saec.
706 2358 749 2388 15.
771 2359 839 2387 Cod.
862 2359 958 2396 Capit.
980 2358 1117 2387 Oxomen.
1139 2369 1161 2388 s.
1183 2370 1210 2388 n.
