1651 2518
754 103 1011 137 —260—

665 192 732 222 453.
771 191 814 221 De
838 191 944 221 sancto
965 190 1095 221 Toribio.

755 264 802 294 Ad
821 265 1011 294 Nocturnum.

239 342 269 374 1.
295 341 400 373 Bonus
425 342 544 374 athleta
567 342 698 383 virginis

297 386 481 419 Construxit
504 389 685 426 oratorium,

297 433 361 465 Ubi
385 434 502 465 nullius
528 434 660 465 hominis

297 479 418 511 Habuit
440 488 578 519 unquam
601 480 799 512 consortium.

243 536 274 566 2.
300 534 424 566 Vacans
449 535 482 565 in
508 535 677 566 solitudine

297 581 404 613 Fortis
436 581 470 612 in
495 581 689 612 orationibus

298 627 456 667 Repertus
484 636 552 659 cum
578 628 746 659 dulcedine

296 674 327 705 A
351 674 434 714 regis
459 674 672 707 venatoribus,

244 732 275 763 3.
297 731 418 763 Ferunt
442 731 525 770 huic,
553 732 636 770 quod
660 731 814 773 viderant,

296 778 341 809 Et
363 778 492 810 inventa
516 779 660 817 capsaria

298 826 434 864 Aperite
457 835 521 857 non
544 828 693 864 poterant

298 872 473 905 Claudente
496 872 557 904 Dei
584 872 695 913 gratia.

912 343 944 373 4.
970 341 1052 372 Nam
1078 341 1126 371 vir
1149 340 1219 377 Dei,
1246 338 1361 377 vigiliis

970 386 1124 418 Mundum
1150 386 1272 417 calcans
1297 384 1354 414 sub
1383 382 1528 422 pedibus,

970 433 1073 464 Instat
1096 431 1195 463 sacris
1215 430 1354 470 JeJuniis,

971 478 1044 509 Vim
1066 477 1165 509 infert
1189 476 1308 508 Christi
1330 475 1482 508 hostibus.

940 560 947 567 .
973 534 1092 566 Audito
1118 533 1184 572 ejus
1209 532 1334 564 nomine

973 582 1042 613 Rex
1066 589 1170 612 secum
1195 588 1264 611 eum
1290 579 1411 618 detulit,

973 628 1018 659 Et
1040 636 1150 659 munus
1175 630 1296 658 tantum
1321 625 1455 657 culmine

974 674 1065 707 Oveti
1088 673 1155 714 regi
1179 673 1301 706 obtulit.

925 733 949 763 ².
975 732 1084 763 Honor
1109 731 1201 762 detur
1226 731 1258 761 et
1281 729 1383 769 gloria

973 778 1107 811 Domino
1132 777 1164 808 in
1191 776 1386 818 coelestibus,

973 825 1033 864 Qui
1055 834 1111 856 nos
1135 824 1178 855 ad
1200 823 1279 855 lucis
1303 822 1419 863 gaudia

972 873 1075 905 Ducat
1099 870 1189 903 istius
1213 870 1369 910 precibus,

315 937 398 964 Brev.
418 945 470 964 111ε.
486 936 515 964 S.
529 937 634 965 Isidori
647 937 803 972 Legionen.
828 945 850 963 s.
871 946 898 964 n.
914 938 984 964 anni
999 933 1078 964 1475.
1092 936 1126 963 A.
1140 950 1174 954 ——
1190 935 1272 961 Brev.
1292 943 1344 961 ms.
1358 934 1530 961 Toletanum

238 982 313 1002 saec.
324 972 366 1002 14.
386 974 453 1001 Cod.
467 975 614 1002 Matriten.
628 973 670 1002 Ff.
694 972 756 1001 147.
769 974 802 1001 B.
823 990 859 994 —
876 973 899 1007 1,
922 972 937 1001 1
951 975 1050 1002 Novus
1071 973 1181 1000 athleta
1192 973 1225 1000 B.
1242 985 1278 990 --
1295 969 1320 1005 2,
1342 970 1359 998 2
1379 971 1481 998 Fultus
1500 971 1531 996 in

240 1013 422 1039 orationibus
443 1012 475 1039 Β.
495 1025 531 1030 —-
553 1009 578 1045 2,
599 1010 616 1039 3
636 1012 747 1047 Raptus
768 1019 832 1038 cum
851 1012 885 1039 A.
906 1026 942 1030 —
962 1010 988 1046 3,
1009 1009 1027 1039 2
1048 1011 1182 1044 casparia
1200 1010 1260 1037 AB.
1280 1023 1317 1027 -
1337 1008 1363 1043 5,
1386 1007 1400 1035 1
1423 1008 1530 1035 Christi

240 1050 359 1077 nomine
378 1050 413 1077 A.
434 1063 468 1067 —
489 1048 515 1083 5,
537 1047 554 1075 2
573 1049 673 1076 intulit
691 1049 724 1076 A.
746 1063 783 1067 —-
805 1046 831 1082 5,
851 1048 871 1076 4
889 1049 975 1078 Eveti
994 1049 1028 1076 B.

671 1156 739 1187 454.
777 1156 821 1187 Dc
841 1156 947 1188 sancto
967 1155 1098 1187 Toribio.

784 1232 831 1261 Ad
851 1232 975 1262 Laudes.

240 1311 271 1344 1.
297 1310 425 1341 Adsunt
446 1310 536 1350 signa
558 1309 708 1351 laetitiae,

295 1356 424 1388 Festum
451 1355 569 1387 cunctis
593 1355 750 1395 fidelibus,

297 1403 361 1441 Quo
386 1404 478 1442 pater
502 1402 652 1448 migrans·
665 1402 759 1434 hodie

296 1449 428 1482 Fruitur
451 1449 530 1480 coeli
553 1449 690 1482 sedibus,

239 1508 269 1539 2.
296 1504 390 1537 Unde
413 1505 509 1536 micat
531 1504 701 1545 miraculis,

297 1551 395 1583 Sanat
419 1551 544 1583 dolores
569 1552 718 1594 (lentium,

297 1597 429 1630 Proficit
452 1599 553 1638 aegris
578 1599 676 1630 oeulis

295 1645 426 1677 Mittens
450 1648 524 1683 post
544 1647 617 1676 vota
641 1646 768 1685 palium.

239 1703 270 1735 3.
293 1700 482 1733 Periclitatis
508 1700 662 1741 subvemt,

295 1748 408 1780 Passos
432 1748 541 1778 mortis
568 1748 711 1787 contagia

297 1794 504 1833 indesperate
526 1795 700 1833 praevenit‚

302 1840 423 1872 Vovent
447 1842 478 1871 et
501 1840 638 1872 reddunt
662 1842 774 1879 pretia.

910 1311 943 1343 4.
971 1310 1069 1342 Curat
1093 1311 1253 1349 leprosum
1275 1309 1423 1348 nobilem,

969 1357 1068 1388 Mutis
1095 1357 1147 1388 dat
1174 1355 1394 1396 eloquentiam,

968 1404 1065 1435 Binos
1090 1402 1208 1434 habere
1232 1402 1371 1434 sterilem

967 1450 1061 1483 Facit
1082 1459 1140 1489 per
1164 1449 1225 1481 Dei
1250 1449 1394 1488 gratiam.

934 1534 941 1540 .
968 1506 1102 1538 Curatur
1124 1506 1272 1544 alvearia,

967 1554 1083 1585 Frater
1107 1553 1215 1584 statim
1238 1552 1400 1584 maniacus

968 1600 1033 1631 Dat
1057 1602 1170 1631 cuncta
1195 1608 1264 1630 eum
1293 1599 1432 1639 angaria,

968 1647 1087 1678 Lumen
1113 1647 1234 1685 recepit
1256 1645 1405 1678 DidacuS.

935 1728 943 1736 .
967 1703 1087 1741 Honor,
1115 1703 1205 1734 detur
1230 1705 1258 1733 et
1284 1702 1384 1742 gloria

968 1749 1103 1781 Domino
1130 1757 1197 1780 011111
1224 1749 1419 1787 coelestibus,

968 1795 1027 1835 Qui
1050 1804 1108 1826 nos
1132 1795 1173 1827 ad
1196 1796 1276 1826 lueis
1301 1795 1415 1835 gaudia

967 1842 1072 1874 Ducat
1094 1842 1185 1873 istius
1209 1842 1367 1881 precibus.

311 1905 394 1932 Brev.
415 1912 466 1931 ms.
481 1904 510 1933 S.
523 1904 629 1932 Isidori
645 1906 801 1940 Legionen.
822 1914 841 1933 s.
866 1915 893 1933 n.
914 1907 984 1933 anni
1000 1904 1082 1934 1475.
1096 1922 1133 1926 —
1146 1903 1173 1941 3,
1195 1904 1210 1933 1
1226 1906 1407 1934 Vei-iolitatis
1421 1907 1476 1934 Hs.
1490 1923 1525 1927 —

237 1940 263 1976 3,
285 1941 305 1970 4
323 1943 444 1970 Novunt
461 1942 515 1970 Hs.

673 2043 740 2074 455.
778 2043 822 2074 De
841 2043 949 2075 sancta
967 2043 1088 2075 Ursule.

770 2119 818 2148 Ad
837 2119 989 2157 Vesperas.

239 2196 268 2228 1.
296 2197 415 2228 Chorus
442 2197 577 2228 exsultat
602 2196 756 2237 virginum

294 2242 385 2275 Nova
407 2252 571 2275 coruscans
597 2243 718 2284 virgine

295 2289 339 2322 Et
361 2293 484 2329 patrem
508 2290 641 2322 laudans
664 2290 814 2323 luminum

294 2336 377 2368 Miro
404 2338 534 2369 decorus
559 2337 683 2369 lumine.

909 2198 939 2229 2.
965 2197 1084 2230 Ursula
1107 2197 1194 2236 virgo
1218 2197 1397 2237 splendida,

966 2244 1043 2276 Orta
1065 2244 1163 2283 regali
1187 2244 1334 2284 germine,

966 2291 1008 2323 Ut
1032 2290 1127 2323 stella
1151 2289 1248 2331 fulget
1274 2290 1399 2331 fulgida

966 2338 1123 2369 Virtutum
1147 2337 1393 2376 pulchritudine.
