1651 2518
676 96 904 131 „-33-

551 215 591 247 13.
630 216 674 247 De
693 216 881 248 Vulneribus
903 215 1026 248 christi.

680 283 727 312 Ad
745 282 900 321 Vesperas.

405 350 435 384 1.
462 351 560 382 Totus
585 350 699 384 affectu
723 353 905 384 reverenter
929 351 1014 384 orbis

462 398 579 429 Intimo
605 399 708 430 cordis
732 407 918 431 veneremur
942 398 1025 440 agni,

462 444 520 484 Qui
545 453 668 485 gregem
695 448 835 477 nostrum
860 446 1021 485 reparavit
1046 452 1133 484 unus,

510 490 666 531 Stigmata
691 493 835 532 quinque.

405 567 438 598 2.
462 565 552 598 Haec
576 566 649 598 tulit
672 567 774 598 nostri
798 567 921 606 generis
944 568 1136 606 redemptor,

465 613 510 645 Ut
527 611 633 645 forent
656 613 764 653 lapsus
788 614 904 646 veteris
929 613 1062 655 medela,

464 660 572 700 thue
597 660 727 692 coelesti
752 659 929 693 frueremur
953 661 1025 692 aula

509 706 598 738 Labe
624 709 777 740 carentes,

405 781 435 813 3.
463 781 495 812 Is
521 781 619 821 pedes
644 780 752 812 ambos
776 781 898 821 pariter
922 790 1093 820 manusque

464 828 601 860 Pertulit
626 828 710 860 diros
735 836 878 860 reserare
902 828 1016 868 clavos,

462 874 507 906 Et
528 875 611 906 latus
636 874 721 906 ferro
745 874 873 907 fluvium
899 875 1018 907 cruoris

511 921 669 962 Spargere
692 920 820 953 fossum.

410 998 441 1030 4.
471 996 609 1036 Cumque
633 999 764 1028 vexaret
788 996 944 1028 cruciatus
968 996 1067 1035 illum,

466 1043 538 1075 Non
563 1046 667 1075 tamen
693 1052 810 1083 poenas
835 1043 936 1076 vetuit
959 1043 1066 1074 subire

466 1090 615 1121 Intimum
640 1098 764 1130 numen,
790 1099 848 1121 nec
872 1098 964 1129 opem
988 1089 1099 1121 relicto

513 1138 632 1169 Attulit
653 1138 747 1168 ullus.

407 1214 438 1245 5.
464 1212 662 1251 Languidum
687 1211 827 1252 quamvis
851 1211 935 1243 foret
957 1219 1056 1251 usque
1079 1213 1179 1243 toturn

466 1258 597 1299 Corpus,
624 1258 798 1290 horrendos
820 1259 939 1299 ,iugiter
960 1258 1084 1290 dolores

467 1307 650 1345 Vulncrum‚
676 1308 799 1337 tormen
823 1305 987 1345 superavit
1010 1307 1102 1337 atrox

512 1353 665 1392 Stigmate
688 1355 806 1385 notum.

407 1431 438 1462 6.
464 1429 545 1461 Atra
570 1436 649 1468 quae
672 1427 807 1468 primum
834 1426 971 1466 fuerant,
998 1425 1164 1468 refulgent,

465 1476 545 1508 Visa
568 1483 649 1515 quae
671 1475 809 1515 primum
833 1474 962 1506 fuerant
984 1483 1102 1514 amara,

464 1522 534 1555 Jam
559 1523 688 1562 placent
711 1531 805 1561 passo
831 1522 1022 1561 nimiumque
1045 1520 1125 1553 fiunt

510 1570 626 1602 Dulcia
652 1569 787 1602 Christo.

408 1647 439 1680 7.
466 1646 609 1685 Quinque
632 1654 691 1684 pro
715 1644 818 1685 plagis
838 1644 939 1676 honor
960 1644 1101 1676 increato

467 1692 516 1724 Sit
540 1693 634 1732 patri,
660 1695 733 1723 nato
758 1692 942 1731 pariterque
966 1699 1056 1722 sacro

467 1739 632 1771 Pneumati
656 1738 774 1777 passim
798 1738 891 1769 simul
916 1741 948 1769 et
970 1738 1118 1777 perennis

515 1785 624 1818 Gloria
648 1794 780 1824 semper.

220 1853 304 1880 Brev.
329 1852 456 1880 Oseense
478 1853 507 1878 et
525 1851 667 1879 Jaccense
686 1851 754 1884 imp.
777 1847 857 1877 15**.

455 1972 501 2004 14.
539 1970 633 2003 Feria
653 1969 767 2006 Quinta
786 1968 911 2009 Majoris
931 1969 1153 2001 Hebdomadae.

671 2036 720 2067 Ad
738 2035 918 2066 Mandatum.

147 2110 176 2143 1.
203 2109 287 2142 Dum
311 2109 415 2148 pietas
440 2107 635 2147 multimoda,
826 2106 857 2137 2.
883 2105 998 2137 Editus
1023 2104 1141 2145 absque
1164 2106 1288 2138 macula

203 2157 290 2190 Deus
315 2156 495 2196 gubernans
520 2155 634 2195 omnia,
883 2152 998 2184 Mundi
1022 2152 1124 2193 piavit
1146 2153 1275 2195 scelera,

204 2206 268 2238 Per
292 2204 447 2244 virginem
464 2210 654 2243 puerperam
883 2199 1016 2232 Devicto
1041 2201 1152 2232 mortis
1177 2200 1322 2241 principe

202 2252 353 2285 Formam
377 2249 564 2290 sumpsisset
589 2257 743 2287 carneam,
887 2248 982 2286 Spem
1008 2247 1097 2279 dedit
1120 2247 1210 2279 nobis
1238 2247 1356 2289 veniae,

202 2301 242 2333 In
266 2299 360 2338 hujus
384 2297 495 2330 mundi
520 2306 596 2329 area
887 2294 1057 2326 Testantur
1082 2294 1263 2335 evangelica

205 2346 315 2380 Grana
340 2345 422 2379 sevit
451 2344 570 2378 vitalia.
887 2341 1047 2375 Divinitas
1072 2342 1203 2383 eloquia.

201 2407 222 2429 D
230 2412 242 2427 r
247 2412 280 2428 ev
286 2411 299 2428 e
304 2411 316 2428 s
322 2422 328 2432 .
344 2404 478 2433 Hymnodia
492 2402 613 2426 Hiberica..
1260 2397 1278 2427 3
