1651 2518
662 90 917 126 -179—

145 185 178 217 3.
206 184 231 216 O
257 184 442 224 patriarcha
465 186 602 227 strenue,

205 231 314 263 Exora
338 235 423 264 tuam
447 230 554 274 filiam,

204 278 251 311 Ut
277 279 512 319 impetrandam
538 280 674 318 desuper

206 325 281 357 Reis
306 328 456 366 precetur
480 326 613 358 veniam.

827 189 858 220 4.
884 186 979 229 Laus,
1006 187 1114 226 honor,
1140 187 1250 224 virtus,
1276 186 1378 225 gloria

885 233 953 265 Deo
977 233 1062 273 patri
1088 241 1157 264 cum
1181 232 1246 265 filio

884 280 999 312 Sancto
1024 280 1116 311 simul
1140 279 1296 319 paraclito

883 327 921 359 In
945 327 1138 367 sempiterna
1161 326 1297 359 saecula.

220 399 305 427 Brev.
334 398 525 427 Valentinum
556 401 625 435 imp.
653 400 777 436 Neapoli
808 399 888 428 1489.
916 401 949 428 A.
980 415 1015 419 ——
1044 400 1128 427 Brev.
1159 400 1335 436 Segoviense
1366 401 1436 435 imp.

144 436 301 465 Valisoleti
330 434 411 464 1527.
438 437 471 464 B.
493 452 528 456 —
547 438 631 465 BreV.
651 438 775 466 Vicense
800 440 839 466 im
850 448 868 466 2.
889 439 1024 474 Lugduni
1052 436 1131 465 1557.
1154 437 1183 465 O.
1204 453 1240 457 --
1260 437 1344 464 Brev.
1366 438 1434 465 Orsl.

144 473 174 502 S.
194 475 307 502 Mariae
326 475 362 502 de
380 475 513 503 Mercede
532 476 600 511 imp.
621 475 758 511 Lugduni
780 474 832 504 156
854 496 860 503 .
881 477 918 503 D.
937 491 974 495 --
997 474 1020 510 1,
1041 473 1059 503 3
1079 477 1198 503 summis
1218 474 1339 503 offerant
1359 474 1416 502 AC.

572 611 637 643 307.
676 612 719 643 De
740 612 846 644 sancto
866 612 1013 643 Joachim.

641 697 689 727 Ad
708 698 796 736 Vesp.
817 698 847 727 et
865 697 949 728 Noct.

144 787 174 819 1.
200 784 294 816 Felix
317 784 424 824 proles
448 784 613 826 Davidica,

203 831 303 862 Novis
329 831 452 863 exsulta
476 831 609 871 gaudiis,

204 878 286 909 Nam
310 879 422 918 planta
446 879 603 917 quondam
629 878 752 918 hispica

202 925 258 956 Fit
282 925 378 957 arbor
401 924 577 958 salutifera.

142 994 172 1024 2.
199 990 250 1022 Ex
274 988 454 1022 manufacto
479 991 610 1030 pellitur

201 1038 345 1078 Templo,
372 1045 411 1069 ex
434 1037 536 1076 primo
561 1037 700 1077 foedere,

202 1084 265 1116 Sed
290 1093 415 1116 moeror
440 1086 472 1115 et
495 1084 627 1116 tristitia

201 1130 373 1163 Confestim
398 1131 485 1170 parit
508 1132 651 1171 gratiam.

140 1200 171 1231 3.
198 1196 335 1228 Nuntius
362 1197 448 1228 coelo
474 1197 621 1236 mittitur,

197 1244 256 1282 Qui
280 1244 377 1275 maris
402 1244 527 1275 stellam
551 1243 724 1283 praedicet,

197 1290 248 1322 Ex
273 1291 335 1329 piis
360 1290 554 1331 genitoribus

198 1337 367 1369 Venturam
392 1337 589 1371 mirabiliter.

212 1411 297 1438 Brev.
321 1412 484 1439 Romanum
502 1412 572 1447 imp.
596 1408 640 1437 **.

820 786 851 818 4.
878 784 931 816 Ad
956 787 1079 824 portam
1103 793 1177 816 vero
1202 793 1328 816 auream

877 831 932 862 Fit
956 831 1117 863 amborum
1143 832 1329 874 conjunctio,

879 877 942 910 Sed
969 877 1074 910 divino
1100 879 1260 917 praesidio

876 924 931 956 Fit
954 925 1046 964 hujus
1071 926 1265 964 propagatio.

818 990 849 1022 5.
875 990 960 1030 Ergo
985 990 1092 1023 evadit
1114 991 1237 1022 irritum

878 1036 1015 1069 Nostrae
1038 1037 1152 1068 mentis
1176 1038 1339 1079 judicium,

876 1083 939 1115 Ubi
966 1084 1024 1115 Dei
1051 1084 1213 1115 consilium

876 1131 975 1162 Aliud
1001 1130 1083 1162 forte
1108 1131 1227 1164 tulerit.

818 1197 848 1229 6.
876 1197 1002 1229 Summo
1025 1196 1094 1229 Deo
1119 1197 1162 1228 sit
1185 1197 1295 1239 gloria,

876 1244 934 1282 Qui
958 1244 1080 1283 primae
1101 1244 1182 1284 legis
1209 1243 1340 1276 foedera

872 1289 1040 1322 Transfert
1064 1290 1097 1322 in
1122 1300 1209 1322 suam
1234 1291 1366 1331 gratiam

872 1338 935 1369 Per
962 1337 1034 1376 piae
1057 1339 1167 1370 matris
1189 1337 1311 1370 merita.

565 1549 631 1581 308.
670 1549 713 1580 De
732 1550 837 1580 sancte
858 1548 1005 1580 Joachim.

690 1634 738 1663 Ad
757 1633 884 1664 Laudes.

139 1722 169 1755 1.
195 1721 358 1761 Supernae
382 1721 491 1752 matris
516 1721 645 1753 inclitae

196 1770 302 1810 Pater,
329 1768 422 1800 beate
446 1768 600 1808 Joachim,

195 1816 257 1847 Pro
283 1815 374 1847 nobis
398 1823 510 1854 preces
536 1814 670 1847 fundere

195 1863 267 1895 Non
297 1863 423 1895 desinas
447 1863 641 1902 perenniter.

136 1933 166 1965 2.
191 1931 239 1962 Tu
264 1930 441 1969 priscorum
467 1929 600 1970 vestigia

191 1977 323 2009 Secutus
348 1977 421 2016 jure
445 1976 564 2016 optimo

191 2024 402 2057 Sacrosancta
425 2023 542 2064 legalia

190 2072 333 2104 Servasti
358 2072 427 2104 sine
450 2071 583 2104 macula.

133 2141 163 2174 3.
191 2138 404 2171 Circumcisus
428 2147 490 2169 non
515 2137 659 2170 manibus

190 2185 255 2218 Sed
281 2186 406 2226 spiritu,
427 2185 586 2226 operibus,

191 2233 324 2266 Pietatis
351 2232 525 2266 visceribus

189 2282 307 2315 Vixisti
336 2289 462 2321 semper
486 2280 638 2314 fervidus

203 2357 289 2384 BreV.
310 2357 474 2385 Romanum
494 2358 563 2394 imp.
587 2353 669 2385 15**.

814 1722 847 1752 4.
874 1721 1032 1760 Repulsus
1057 1730 1076 1752 a
1100 1720 1251 1760 pontifice

872 1768 971 1800 Simul
996 1777 1065 1800 cum
1090 1770 1143 1799 tuo
1168 1776 1295 1800 munere

871 1815 986 1846 Tulisti
1010 1815 1213 1855 ignominiam

871 1862 956 1902 Lege
981 1863 1140 1894 decretam
1164 1862 1312 1902 graviter.

814 1930 845 1962 5.
872 1928 935 1960 Sed
960 1928 1045 1960 Deus
1071 1928 1175 1960 cordis
1199 1928 1310 1960 intima

871 1976 930 2015 Qui
953 1976 1093 2007 intuetur
1118 1976 1251 2018 plenius,

871 2023 979 2062 Elegit
999 2023 1119 2062 justum
1144 2024 1239 2055 altius

869 2070 914 2102 Et
939 2071 1050 2101 extulit
1074 2070 1249 2105 sublimius,

815 2138 847 2170 6.
874 2137 1001 2169 Summo
1024 2135 1093 2168 Deo
1118 2137 1161 2168 sit
1184 2137 1295 2177 gloria,

872 2184 930 2224 Qui
955 2185 1077 2224 primae
1100 2184 1179 2224 legis
1204 2184 1336 2217 foedera

871 2231 1039 2263 Transfert
1061 2231 1094 2262 in
1119 2241 1207 2263 suam
1233 2233 1366 2274 gratiam

869 2280 932 2312 Per
955 2280 1027 2320 piae
1051 2280 1161 2311 matris
1186 2280 1310 2314 merita.

1204 2402 1261 2432 12*
