1651 2518
203 2223 221 2253 [υ

726 120 982 158 -141-

629 243 695 274 230.
736 243 777 275 De
797 243 902 275 saneto
926 242 1076 275 Gabriele.

724 319 770 348 Ad
789 319 978 350 Nocturnum-

230 421 237 428 .
265 397 335 428 Hac
357 396 458 428 noctis
480 397 567 437 hora,
595 397 733 439 Gabriel,

270 446 336 482 Qua
361 444 473 484 pangis
496 445 568 475 altis
591 444 723 484 gloriam

268 492 379 523 Pacem
405 491 557 530 bonisque
582 492 716 530 nuntias,

267 538 314 569 Tc
338 547 395 569 nos
421 547 578 577 canamus,
600 538 716 569 inclite.

263 594 311 625 Tu
335 593 461 626 Danieli
485 594 618 634 mystica

264 643 391 672 Arcana
415 642 528 681 pandis
553 641 698 684 plurima,

264 688 386 719 Futura
410 696 489 728 quae
513 688 577 719 sint
599 688 745 727 posteris,

264 734 481 766 Hebdomadis
503 735 581 766 haec
607 738 797 775 computans,

232 815 237 820 .
264 791 312 822 Tu
337 791 508 822 Zachariae
532 791 657 822 nuntias

264 838 356 869 Hunc
384 837 577 869 nasciturum
601 837 711 878 filium,

263 884 414 923 Magnum
439 883 623 923 Johannem,
649 883 762 916 lucifer

264 930 323 969 Qui
349 930 466 963 Christi
490 930 572 963 foret
596 933 751 971 praevius

283 997 368 1023 Brev.
390 996 564 1024 Zamorensc
582 997 650 1031 imp.
674 994 707 1024 15
715 993 757 1022 *ἦ

885 400 915 430 4.
940 398 992 430 Ad
1018 397 1169 438 virginem
1194 401 1227 429 tu
1251 397 1364 429 missus
1389 404 1421 426 es

942 445 1090 477 Dicturus
1113 445 1178 476 alta
1202 445 1343 484 mystica,

941 492 1075 524 Gnatum
1096 491 1155 523 Dei
1180 500 1258 531 quac
1281 491 1422 532 gigneret

940 538 1091 571 Mansura
1115 547 1239 578 semper
1261 538 1393 577 integra.

909 622 915 628 .
940 595 1058 634 Joseph
1083 595 1198 627 volenti
1218 594 1360 634 linquere

940 642 1086 674 Sanctam
1113 650 1261 682 suamque
1287 642 1447 681 conjugem

940 689 1127 728 Apparuisti
1150 688 1325 728 proferens,

939 736 1067 767 Plenam
1092 734 1188 767 fuisse
1211 734 1346 769 flamine.

886 597 903 626 v(

882 793 912 824 6.
940 792 1064 824 Summo
1089 792 1157 824 Deo
1183 793 1225 823 sit
1249 792 1357 834 gloria,

939 840 1035 878 Quem
1059 839 1169 871 laudat
1191 839 1289 871 omnis
1315 838 1441 878 angelus

941 887 1004 918 Ter
1016 889 1140 918 sanctus
1154 888 1210 928 est,
1229 886 1311 917 hunc
1323 885 1495 928 clamitans⁷

941 933 1000 972 Qui
1024 934 1124 964 trinus
1146 936 1194 964 est
1218 935 1249 964 et
1271 933 1390 965 unicus.

623 1124 682 1156 231.
722 1125 764 1156 De
786 1125 892 1156 sancto
919 1124 1070 1156 Gabriele.

760 1200 809 1229 Ad
827 1200 954 1230 Laudes.

227 1306 233 1313 .
260 1279 285 1312 O
312 1278 441 1311 Gabriel
464 1280 661 1320 archangele,

258 1326 528 1367 Archangelorum
552 1327 696 1367 maxime,

261 1373 411 1405 Coelestis
438 1374 528 1405 aulae
550 1374 670 1412 nuntie,

262 1421 414 1460 Princeps
439 1421 505 1461 poli
530 1420 709 1452 fortissime.

227 1503 233 1508 .
258 1477 442 1508 Pastoribus
465 1479 499 1508 tu
524 1477 671 1517 gaudium

258 1524 435 1555 Annuntias
461 1533 551 1563 quam
575 1525 761 1557 maximum:

259 1571 320 1602 Est
343 1573 434 1602 natus
459 1570 562 1603 infans
587 1571 780 1611 Bethlehem,

260 1617 414 1656 Salvator,
438 1618 551 1658 inquis,
578 1619 723 1650 omnium.

882 1281 912 1313 3.
941 1280 999 1320 Qui
1023 1288 1148 1320 semper
1171 1280 1299 1312 adstans
1325 1289 1357 1311 es
1381 1278 1458 1315 Deo,

937 1328 1046 1359 Nostri
1069 1335 1188 1358 memor
1211 1326 1270 1365 sis,
1303 1334 1498 1366 quaesumus,

937 1376 1000 1407 Pro
1025 1374 1119 1414 plebe
1142 1373 1265 1406 Christo
1288 1373 1442 1413 supplica,

938 1422 1023 1460 Quae
1047 1424 1078 1452 te
1102 1424 1194 1452 vocat
1218 1430 1286 1452 cum
1310 1421 1465 1452 laudibus.

879 1480 911 1510 4.
936 1478 988 1510 Da
1010 1478 1107 1509 robur
1128 1478 1163 1508 in
1189 1478 1366 1516 certamine,

939 1525 1105 1557 Vincamus
1131 1524 1235 1556 hostes
1259 1524 1385 1556 Tartari

938 1572 982 1604 Et
1006 1573 1107 1603 carnis
1132 1572 1340 1603 oblectamina

937 1619 1112 1658 Mundique
1137 1623 1249 1651 cuncta
1271 1627 1434 1658 prospera.

599 1676 629 1707 5.
656 1674 782 1706 Summo
807 1675 874 1707 Deo
900 1676 941 1707 sit
966 1675 1076 1716 gloria.

278 1739 363 1766 ssrev.
383 1739 556 1766 Zamorense
575 1739 643 1774 imp.
664 1736 751 1767 15**.

634 1868 702 1900 232.
740 1869 782 1900 De
802 1870 909 1901 saneto
929 1869 1069 1910 Georgio.

697 1945 743 1976 Ad
763 1945 850 1984 Vesp.
872 1950 901 1976 et
918 1947 1004 1977 Noct.

229 2050 236 2058 .
264 2025 288 2057 O
313 2024 404 2056 miles
429 2028 463 2056 tu
488 2023 668 2068 fortissime,

260 2072 318 2110 Qui
345 2071 445 2104 vincis
472 2074 585 2104 cuncta
608 2073 738 2112 scelera,

264 2119 424 2152 Conserva
448 2128 504 2151 nos
530 2120 765 2159 promptissime

262 2166 438 2199 Procurans
464 2168 550 2206 pacis
579 2165 718 2200 foedera.

227 2247 234 2253 .
260 2222 375 2263 Georgi
400 2224 626 2263 strenuissime,

261 2271 323 2303 Per
348 2275 460 2304 cuncta
484 2272 593 2304 mundi
619 2272 745 2304 climata

261 2318 361 2350 Prece
384 2322 438 2353 tua
464 2319 660 2352 sanctissime

261 2365 385 2406 Rumpe
413 2367 557 2399 draconis
582 2367 762 2401 schismata.

885 2027 916 2058 3.
943 2027 992 2059 Tu
1016 2027 1193 2067 suscitator,
1222 2028 1355 2070 domme,

939 2073 1110 2105 Multorum
1134 2075 1343 2116 morientium,

937 2121 976 2153 In
1002 2120 1120 2153 Christi
1143 2125 1250 2154 sancto
1275 2124 1399 2156 nominc

940 2168 1065 2199 Turbae
1089 2169 1198 2200 reddis
1223 2170 1402 2204 viventium.

880 2226 910 2258 4.
938 2225 1099 2257 Idolorum
1123 2225 1236 2258 fictitia

938 2272 1039 2304 Mista
1062 2272 1152 2305 falsis
1179 2274 1390 2319 daemonibus,

937 2320 1166 2359 Imperatorum
1190 2322 1267 2354 vitia

937 2368 1070 2408 Rumpis
1094 2369 1156 2401 tuis
1181 2371 1386 2404 sermonibus.
