1651 2518
698 93 951 129 —257—

531 212 599 243 448.
638 213 682 243 De
703 221 726 244 s.
748 213 859 244 Thema.
880 211 1104 243 CantuarIensi.

707 288 754 317 Ad
774 288 926 324 Vesperas.

173 364 202 396 1.
229 364 306 402 Deo,
334 362 457 405 fratres,
485 363 638 395 concinite
844 365 875 397 4.
902 365 1004 403 Junge
1028 372 1094 402 nos,
1123 363 1173 394 cui
1197 364 1333 404 servisti,

227 411 263 442 In
285 410 379 441 laude
403 410 487 442 vocis
511 410 662 451 plaudite,
900 410 1078 441 Membrum
1104 418 1172 441 esse
1196 411 1337 441 meruisti

227 458 252 489 Ο
277 459 398 496 martyr
422 457 543 488 Thema
566 456 685 496 inclite,
900 457 1015 489 Sancte
1039 456 1171 497 Thema,
1195 457 1274 489 Jesu
1297 456 1426 495 Christi,

226 502 309 535 Audi
337 503 504 534 clamantes
532 502 646 536 debite.
899 503 961 534 Pro
987 512 1047 542 quo
1070 503 1253 542 sanguinem
1279 502 1400 535 fudisti.

168 562 198 592 2.
224 559 367 591 Ecclesia
391 561 422 590 te
445 567 527 590 nunc
551 558 636 596 pium
840 560 869 591 5.
897 558 921 591 O
947 558 1127 595 Cantuaria‚
1154 560 1267 598 gaude,

225 606 349 638 Gaudet
372 606 489 637 habere
513 604 622 645 filium,
895 605 985 637 Pium
1010 606 1112 637 Deum
1137 614 1192 637 ora
1217 606 1320 645 laude,

225 653 325 692 Caput
348 653 464 684 trivisti
488 651 633 693 hostium,
894 652 1086 684 Laureatum
1111 661 1260 691 sponsum
1285 652 1403 693 plaude

225 700 372 739 Pugnasti
394 700 466 740 quia
489 699 626 732 nimium.
893 698 965 738 Ore,
993 700 1098 739 corde,
1125 700 1193 731 sine
1218 698 1341 732 fraude.

169 759 199 790 3.
227 758 372 790 Sanctum
396 758 483 787 tuum
508 755 647 788 exsilium
836 756 867 788 6.
895 755 1005 787 Gloria
1029 756 1097 795 tibi,
1124 756 1269 796 Domine,

227 804 411 836 Conversum
437 806 484 835 est
507 804 540 834 in
562 802 720 843 gaudium,
894 802 988 842 Cujus
1013 811 1150 843 superno
1176 812 1305 835 munere

224 850 319 883 Fides
342 849 445 882 firmat
470 850 648 882 coelestium
893 849 1001 882 Sancti
1025 851 1165 882 Thomae
1188 859 1247 890 per
1271 850 1386 882 merita

222 899 291 931 Hoc
314 896 410 929 fuisse
435 897 606 930 consilium.
893 898 1013 930 Cuncta
1038 897 1138 937 fulget
1163 906 1221 937 per
1246 897 1381 930 saecula.

237 972 353 1007 Antiph.
374 980 425 999 ms.
446 980 518 999 saec.
542 969 583 998 14.
598 972 666 999 cod.
683 971 775 1008 Capit.
790 972 891 1001 Osccn.
916 981 934 999 .-“.
955 982 982 1000 n.
1003 973 1035 1000 A.
1087 988 1094 991 -
1108 972 1191 999 Brcv.
1207 971 1366 1009 Sigenens.
1385 973 1453 1009 imp.

166 1011 408 1045 Caesaraugustae
429 1008 509 1037 1547.
530 1009 562 1037 B.
600 1025 618 1029 .-
641 1007 665 1043 1,
688 1009 702 1037 1
723 1012 819 1045 grates
839 1011 982 1038 concinite
996 1011 1027 1039 B.
1048 1025 1086 1030 —-
1104 1008 1132 1043 2,
1152 1008 1171 1036 2
1188 1010 1342 1039 haeredem
1362 1010 1456 1038 filium

164 1048 196 1075 B.
216 1061 261 1077 -τ,
273 1045 297 1080 2,
317 1045 336 1074 4
355 1048 492 1082 Pugnasti
514 1056 628 1084 quoque
641 1048 672 1075 B.
692 1062 729 1067 -—
748 1046 775 1081 4,
796 1045 814 1076 3
826 1048 953 1076 Thomas
974 1057 1073 1076 cervus
1087 1048 1159 1075 Jesu
1172 1048 1204 1076 Β.
1280 1047 1305 1084 5,
1326 1048 1346 1077 4
1359 1049 1438 1076 cordi

164 1086 226 1113 sine
245 1086 275 1113 B.
296 1101 332 1105 —
352 1083 377 1119 6,
401 1084 418 1111 2
439 1085 526 1121 Cujus
549 1094 632 1113 servo
653 1094 771 1114 munere
791 1086 823 1114 Β.
844 1101 880 1105 —
901 1086 926 1120 6,
947 1084 966 1114 4
984 1086 1076 1122 fulget
1093 1086 1167 1113 fehlt
1186 1086 1220 1113 A.

513 1234 582 1266 449.
621 1235 664 1266 De
687 1243 711 1266 s.
732 1235 845 1267 Thema
867 1234 1089 1268 cantuariensi.

688 1311 735 1340 Ad
753 1311 941 1342 Nocturnum.

163 1389 192 1421 1.
218 1389 374 1428 I-Iymnum
402 1390 599 1421 concinentes
834 1391 863 1423 ὃ.
892 1389 950 1428 Qui
975 1393 1009 1421 ut
1032 1391 1081 1422 leo
1106 1388 1197 1421 fortis

220 1436 359 1467 Thomae
383 1438 470 1476 gesta
494 1438 601 1475 gentes
892 1437 1024 1469 Calcans
1048 1445 1181 1477 poenam
1206 1437 1316 1468 mortis

220 1482 361 1513 Narrant
383 1485 487 1513 mente
510 1481 564 1521 pia
891 1482 1008 1522 Fulget
1031 1483 1124 1515 modo
1149 1484 1246 1522 signis

221 1528 315 1559 Dulci
338 1528 483 1560 melodia.
897 1529 988 1560 Omni
1012 1529 1107 1561 laude
1133 1529 1246 1568 dignis.

166 1586 196 1617 2.
224 1583 355 1616 Praesul
376 1583 557 1621 honoratus,
839 1584 869 1614 6.
896 1583 1038 1622 Sospitas
1062 1584 1206 1624 leprosis,

225 1630 356 1671 Probus,
383 1628 532 1669 fatigatus
896 1629 1005 1660 Mente
1028 1628 1156 1660 furiosis

222 1678 283 1710 Est
307 1686 365 1716 pro
392 1676 509 1708 Christi
533 1675 603 1715 lege
896 1675 940 1706 Et
962 1676 1018 1706 lux
1043 1683 1135 1707 caeco
1160 1676 1262 1715 datur,

221 1725 273 1757 Ab
298 1724 472 1764 Anglorum
498 1730 581 1763 rege.
900 1721 1089 1753 Claudieans
1114 1724 1250 1753 curatur.

165 1785 195 1817 3.
224 1782 313 1815 Sicut
337 1780 383 1812 sol
408 1780 440 1811 in
467 1780 552 1811 caelo
842 1779 871 1810 7.
897 1777 1022 1816 Martyr
1046 1777 1232 1818 praeelecto,

222 1829 350 1862 Ardens
373 1827 435 1859 Dei
458 1827 525 1858 zelo
900 1824 1002 1855 Aures
1029 1824 1070 1856 acl
1094 1832 1151 1855 nos
1175 1822 1268 1855 flecte

222 1875 424 1917 Oppugnavit
453 1881 559 1914 regem
899 1871 943 1902 Et
968 1873 1099 1910 accepta
1121 1870 1242 1910 laudes,

221 1921 433 1956 Defendendo
457 1922 567 1961 legem.
899 1918 958 1957 Qui
984 1927 1052 1949 cum
1077 1917 1145 1949 Deo
1171 1919 1297 1957 gaudes.

162 1982 194 2015 4.
221 1981 266 2014 Et
289 1982 325 2011 ut
350 1987 447 2019 agnus
471 1978 567 2016 mitiS,
842 1977 873 2008 8.
900 1974 949 2006 Sit
968 1975 1037 2006 laus
1061 1974 1145 2014 patri
1169 1983 1292 2014 magno,

220 2029 346 2067 Expers
372 2026 498 2066 quidem
522 2024 598 2063 litis,
901 2021 1037 2054 Flamini
1063 2025 1095 2053 et
1118 2030 1207 2062 agno,

219 2076 353 2108 Hostem
378 2083 468 2105 suum
488 2071 603 2104 stravit
900 2069 1019 2109 Hymni
1043 2068 1135 2107 hujus
1160 2077 1272 2099 munus

222 2123 266 2156 Ut
291 2121 416 2154 Goliam
441 2119 557 2153 David.
904 2116 1013 2148 Sumat
1035 2116 1122 2148 Deus
1147 2124 1237 2148 unus.

236 2196 355 2232 Antiph.
376 2204 428 2223 ms.
449 2203 524 2223 saec.
543 2191 586 2221 13.
610 2192 680 2220 Cod.
696 2191 788 2227 Capit.
804 2190 906 2218 Oscen.
927 2199 949 2216 s.
970 2199 998 2217 n.
1012 2189 1045 2217 A.
1064 2203 1102 2209 -
1115 2189 1199 2216 BreV.
1214 2188 1374 2224 Sigenense
1392 2190 1461 2225 imp.

162 2236 411 2271 Caesaraugustae
437 2231 517 2261 1547.
545 2232 577 2259 B.
609 2247 646 2251 -τ
673 2231 754 2258 Brev.
784 2228 1035 2265 Calagurritanum
1060 2228 1089 2255 et
1109 2226 1290 2271 Calciatense
1314 2228 1383 2262 imp.
1403 2227 1462 2254 Lu-

160 2275 254 2302 eronii
276 2270 357 2300 1543.
380 2271 409 2299 C.
430 2287 468 2291 -
489 2270 513 2305 1,
533 2268 547 2298 1
569 2270 753 2297 concinentes
773 2268 909 2302 martyris
929 2267 962 2294 B.
984 2281 1021 2285 —
1043 2263 1069 2299 3,
1091 2263 1106 2292 1
1127 2264 1209 2293 Sicut
1228 2265 1308 2294 sidus
1328 2265 1409 2293 caelo
1428 2266 1460 2293 Β.

159 2327 195 2332 —
218 2310 243 2346 6,
269 2309 283 2339 1
307 2311 448 2346 Hospites
469 2311 500 2337 B.
523 2322 559 2328 -
578 2306 604 2341 6,
625 2305 643 2334 2
662 2307 829 2342 Mentisque
847 2305 905 2332 AB.
927 2321 964 2324 —
984 2304 1010 2339 7,
1030 2301 1048 2332 3
1068 2303 1108 2332 Et
1127 2305 1260 2340 acceptas
1275 2304 1339 2340 AB3
1362 2311 1462 2340 accep-

158 2354 248 2388 taque
268 2349 300 2376 C.
325 2364 360 2368 —
379 2347 406 2383 7,
426 2346 446 2375 4
464 2357 530 2376 cum
547 2346 622 2374 fehlt
639 2345 672 2372 B.

217 2401 341 2426 Dreros,
358 2398 489 2427 Hymnodia
501 2397 621 2421 Hiberica.
1259 2387 1292 2417 17
