1651 2518
247 207 253 212 .
280 180 423 220 Utraque
443 188 552 211 manus
573 178 707 217 mystica
892 178 922 208 5.
948 175 1052 206 Decus
1076 177 1209 205 naturae
1234 172 1372 204 continet

279 227 443 258 Formavit
465 226 582 265 absque
605 225 735 263 macula,
948 222 1093 260 Uterque
1116 228 1209 251 sexus
1232 218 1377 258 hominis,

280 274 369 311 Quod
393 273 493 304 hostis
517 271 604 303 fraus
628 270 800 309 sophistica
949 267 1039 305 Quod
1063 267 1148 299 solus
1174 266 1316 298 Christus
1341 264 1463 296 obtinet

279 319 436 352 Foedavit
458 320 549 359 nigra
572 317 689 350 tabula.
949 314 993 345 Et
1016 315 1104 353 virgo
1131 313 1212 345 dono
1236 311 1382 343 numinis.

246 410 253 418 .
280 385 317 416 In
341 392 434 423 grege
459 383 630 423 reparabili
894 381 923 412 6.
949 378 1033 410 Dum
1057 377 1236 418 reparatrix
1261 377 1375 408 colitur

279 431 350 462 Non
374 429 435 462 fuit
457 430 537 461 haec
561 428 708 470 carentia,
949 425 1123 457 Mundialis
1150 423 1350 463 compaginis,

279 477 363 515 Quae
387 477 455 516 lege
479 475 637 507 amicabili
949 472 1000 503 Ab
1025 472 1096 511 ipsa
1118 470 1207 503 nefas
1231 470 1356 502 tollitur

280 524 431 562 Fulgeret
452 522 677 561 praesidentia.
950 518 1135 550 Humanalis
1159 517 1352 557 propaginis.

614 588 645 620 7.
670 587 809 617 Aeterno
834 585 902 624 regi
926 585 1030 625 genito

670 633 756 664 Laus
783 630 875 663 detur
900 632 1106 663 excellentiae

671 679 715 710 Et
744 678 825 710 dono
851 678 917 716 ejus
941 678 1049 709 inclito

673 725 750 757 Cum
773 729 867 765 patre
890 723 1104 764 refulgentiae.

299 793 383 820 Brev.
405 791 471 818 ord.
491 791 607 818 Immac.
630 790 763 826 Concept.
783 792 852 825 imp.
874 789 1018 824 Compluti
1040 786 1120 816 1551.

641 916 686 948 35.
725 916 768 948 De
788 916 989 956 conceptione
1007 915 1092 948 BMV.

765 984 813 1014 Ad
830 984 957 1014 Laudes.

249 1078 256 1086 .
284 1054 468 1085 Praeclarae
491 1053 571 1084 lucis
596 1053 702 1084 radius
898 1054 927 1086 4.
952 1052 1223 1091 Archangelorum
1247 1052 1372 1091 agmina

281 1099 418 1131 Diffusus
442 1100 476 1130 in
500 1099 654 1131 nubecula
953 1099 1164 1130 Transcendit
1189 1107 1229 1130 ex
1251 1098 1416 1129 munditia.

280 1147 341 1178 Est
363 1146 523 1186 genitricis
548 1144 630 1176 filius
954 1145 1029 1177 Cum
1054 1146 1234 1176 meritorum
1259 1146 1399 1184 germina

281 1193 455 1224 Mandatus
480 1196 553 1223 ante
577 1192 711 1224 saecula.
953 1193 1132 1231 Purgantur
1156 1200 1175 1222 a
1199 1192 1361 1231 spurcitia.

286 1258 439 1289 Paternae
463 1258 576 1288 mentis
601 1259 689 1288 oculo
897 1260 927 1290 5.
955 1256 1154 1288 Gemmarum
1177 1257 1368 1296 pretiositas*

284 1304 367 1336 Dum
392 1304 479 1343 virgo
504 1304 757 1343 praeinspicitur,
952 1304 1071 1343 Liquor
1094 1307 1299 1342 transparens
1324 1303 1454 1335 fontium

284 1352 444 1383 Virtutum
468 1359 546 1389 puro
571 1349 699 1382 flosculo
953 1350 997 1381 Et
1020 1350 1101 1381 labis
1126 1349 1280 1381 vitiositas

283 1399 322 1430 In
347 1397 456 1436 stipite
481 1396 656 1430 conficitur.
952 1397 1090 1428 Matrem
1116 1397 1238 1428 extollit
1262 1397 1409 1436 gentium.

254 1492 260 1498 ,
285 1464 409 1495 Donum
434 1465 593 1494 aeternum
616 1463 718 1494 libere
902 1464 932 1495 6.
960 1462 1055 1501 Quam
1080 1461 1256 1494 sanctitatis
1282 1463 1372 1501 copia

283 1511 381 1541 Matri
408 1510 500 1541 datur
523 1509 664 1547 liberius,
957 1509 1093 1540 Mariam
1118 1512 1210 1541 ornat
1232 1510 1330 1548 varie,

283 1557 426 1588 Electam
450 1564 587 1596 purgans
611 1556 708 1588 ubere
958 1555 1035 1587 Tam
1060 1556 1213 1587 scelerum
1236 1556 1343 1595 inopia

282 1604 420 1635 Matrem
447 1604 520 1634 colit
544 1603 682 1637 uberius.
957 1602 1050 1634 Hanc
1074 1602 1152 1634 facit
1175 1603 1293 1642 absque
1318 1602 1412 1634 carie.

619 1670 650 1701 7.
675 1668 798 1701 Mariae
821 1671 912 1700 natus
941 1669 1067 1700 inclitus

677 1715 800 1747 Donum
825 1715 974 1747 infundat
996 1715 1121 1747 luminis

678 1762 722 1794 Et
745 1762 875 1801 spiritus
899 1763 1071 1801 paraclitus

679 1809 755 1841 Cum
780 1810 921 1849 genitore
945 1810 1090 1841 numinis.

304 1876 388 1902 Bra:
408 1874 476 1901 ord.
495 1875 613 1902 Immac.
634 1875 770 1909 Concept.
795 1876 864 1909 imp.
885 1873 1031 1909 Compluti
1065 1871 1145 1901 1551.
1170 1888 1209 1892 —
1232 1871 1264 1906 5,
1291 1871 1309 1901 3
1334 1874 1439 1904 labiis:
1468 1874 1518 1903 tier

231 1913 302 1940 Vei-s
324 1912 415 1940 bloibt
434 1911 506 1939 auch
528 1920 558 1939 so
579 1912 695 1945 dunkel,
715 1920 801 1939 wcnn
818 1912 901 1938 nicht
918 1911 1087 1938 verdorben.
1108 1925 1143 1928 —
1164 1910 1189 1945 ¹7,
1211 1909 1353 1938 2Domus
1374 1912 1516 1939 infundat.

648 2039 692 2070 36.
730 2040 766 2070 In
788 2038 987 2080 Conceptione
1006 2037 1093 2069 VMB.

760 2106 808 2135 Ad
827 2105 981 2143 Vesperas.

234 2178 262 2208 1.
288 2176 367 2214 Ave,
392 2174 491 2207 fluens
515 2175 618 2212 mella,
902 2174 933 2206 2.
955 2173 1038 2205 Alvo
1063 2174 1232 2205 senectutis

288 2222 453 2253 Trinitatis
479 2223 567 2261 cella,
959 2219 1137 2259 Conceptae
1160 2220 1287 2254 virtutis

290 2269 392 2300 Melos
418 2272 450 2299 et
472 2270 540 2300 laus
566 2270 639 2310 oris,
959 2267 1023 2299 Vas
1044 2270 1074 2297 et
1098 2267 1177 2299 lucis
1201 2268 1263 2306 via,

289 2315 366 2347 Flos
390 2315 559 2355 fragrantis
583 2314 679 2349 floris.
962 2313 1107 2347 Genitrix
1131 2314 1245 2349 Maria.
