1651 2518
784 139 822 144 -
876 118 1035 153 144—

690 229 757 260 238.
797 229 840 260 De
860 229 970 261 sancta
987 230 1110 261 Helena.

796 295 844 325 Ad
865 295 1019 333 Vesperas.

267 366 297 397 1.
324 365 464 397 Plaudat
487 365 603 397 Christi
628 363 748 395 familia
941 365 972 396 4.
998 365 1060 396 Per
1083 364 1175 396 istius
1200 364 1384 395 scrutinium

324 412 465 443 Helenae
489 412 601 452 grandi
625 411 749 451 gaudio,
1000 410 1083 442 Crux
1117 414 1225 442 sancta
1250 410 1365 443 Christi
1394 410 1553 451 panditur,

326 459 407 490 Tota
433 457 533 498 fulget
557 458 688 490 ecclesia
1000 459 1067 496 Qua
1092 457 1169 489 coeli
1192 456 1377 489 beneficium

324 506 428 545 Ipsius
456 505 668 537 contubernio.
1000 504 1094 536 Plebs
1122 503 1225 536 fidelis
1251 504 1443 543 adsequitur.

270 572 300 603 2.
327 571 377 603 Ex
401 571 460 602 hac
485 571 643 602 laetantur
668 569 776 601 coelici
944 571 974 602 5.
1002 571 1068 603 Ista
1094 569 1193 601 Judas
1217 569 1352 601 efficitur

325 618 393 650 Deo
419 618 588 650 reddentes
608 618 734 657 gratias,
1002 618 1130 649 Crucem
1157 616 1275 650 Christi
1298 616 1458 656 effodiens,

324 666 430 704 Atque
455 665 601 696 dotantur
626 664 745 703 Belgici
998 665 1174 697 Conversus
1199 669 1231 695 et
1252 662 1415 703 perficitur

332 712 433 751 Hujus
458 712 543 743 nacti
567 711 724 750 reliquias.
1001 711 1127 750 Martyr
1150 720 1208 750 pro
1235 710 1358 743 Christo
1382 711 1528 742 moriens,

269 778 300 811 3.
326 777 396 809 Hac
420 778 570 808 sanitates
595 776 705 808 tribuit
945 778 975 810 6.
1003 777 1113 809 Gloria
1137 777 1205 816 tibi,
1231 776 1374 815 Domine,

325 824 410 855 Deus
434 824 488 863 pie
512 823 696 864 petentibus.
1002 823 1060 862 Qui
1083 823 1236 855 Helenam
1260 822 1441 863 magnificas

327 871 389 903 Res
413 871 564 910 perdidas
589 871 727 903 restituit
1003 871 1046 903 Et
1070 872 1122 901 tuo
1146 873 1253 902 sancto
1277 871 1403 901 nomine

329 919 399 950 Hac
423 918 517 957 plene
542 917 779 950 confidentibus.
1004 918 1117 950 Totum
1141 918 1290 950 mundum
1314 916 1465 949 vivificas.

345 996 428 1020 Brev.
458 1001 509 1019 ms.
532 993 749 1020 Barcinonense
774 1001 849 1020 saec.
876 990 918 1018 15.
940 991 1007 1019 God.
1029 992 1122 1026 Capit.
1136 992 1237 1018 Vicen.
1259 990 1332 1019 CIX.
1352 990 1386 1017 A.
1414 1006 1449 1010 —
1475 991 1558 1019 Brev.

268 1039 320 1057 ms.
341 1032 519 1058 nei-tusense
538 1039 612 1058 saec.
635 1028 677 1057 15.
700 1030 768 1057 Cod.
793 1029 884 1066 Capit.
904 1029 1057 1057 Dertusen.
1078 1037 1100 1056 s.
1121 1038 1149 1055 n.
1169 1030 1203 1057 B.
1223 1045 1262 1049 —
1279 1029 1363 1056 Brev.
1383 1038 1436 1056 ms.
1455 1030 1560 1057 Derta-

269 1076 352 1095 sense
379 1076 453 1096 saec.
483 1066 525 1095 15.
550 1068 617 1095 Cod.
639 1067 731 1102 Capit.
751 1068 904 1095 Dei-tusen.
928 1075 950 1093 s.
974 1076 1002 1094 n.
1025 1067 1054 1094 C.
1117 1082 1120 1086 ·
1142 1066 1221 1095 Offie.
1248 1075 1300 1094 ms.
1326 1074 1399 1094 saec.
1428 1065 1471 1094 16.
1491 1066 1559 1094 Ood.

269 1107 376 1133 Semin.
398 1105 558 1133 Geiitnden.
583 1103 667 1133 2309.
687 1105 723 1132 D.
748 1121 787 1125 —
810 1106 895 1132 Brev.
914 1104 1094 1132 Dertusense
1118 1105 1188 1140 imp.
1207 1104 1344 1141 Lugduni
1366 1102 1448 1132 1547.
1466 1104 1503 1132 E.
1523 1118 1561 1123 —

269 1141 303 1176 2,
328 1140 345 1170 3
366 1142 481 1178 Belgidi
499 1143 533 1170 A.
557 1157 593 1161 —
616 1139 648 1175 3,
679 1141 693 1169 1
713 1143 797 1170 Haec
816 1144 956 1170 sanitates
975 1142 1078 1170 tribuit
1096 1143 1161 1177 A133
1186 1143 1253 1170 Hae
1272 1143 1411 1169 sanitates
1431 1142 1562 1169 exhibuit

273 1181 307 1207 D.
329 1196 366 1199 —
386 1179 412 1213 3,
432 1178 452 1207 4
470 1181 513 1207 Ac
531 1181 616 1216 plene
632 1180 670 1207 D.

707 1299 773 1330 239.
811 1298 854 1329 De
873 1299 982 1330 sancta
1000 1299 1124 1330 Helena.

788 1366 836 1395 Ad
855 1365 1042 1394 Nocturnum.

278 1436 308 1467 1.
335 1437 421 1469 Jesu.
453 1435 547 1466 decus
571 1434 720 1475 fidelium,
947 1436 978 1466 2.
1005 1434 1093 1465 Haec
1115 1443 1198 1473 pura.
1221 1434 1403 1465 castimonia

332 1483 419 1514 Votis
444 1480 516 1512 fave
541 1481 726 1520 canentium,
1004 1481 1191 1520 Mormnque
1215 1480 1422 1512 sanctimonia

332 1529 377 1561 Ut
399 1529 481 1560 hanc
504 1537 669 1568 sequamur
693 1528 841 1568 moribus,
1004 1529 1082 1560 Post
1105 1531 1137 1558 te
1161 1536 1293 1567 sequens
1317 1528 1459 1568 vestigia,

331 1578 426 1614 Quam
453 1576 671 1614 praedicamus
702 1575 835 1607 uocibus.
1007 1575 1098 1607 Subit
1122 1575 1187 1613 poli
1212 1573 1347 1614 fastigia.

667 1642 697 1673 3.
723 1641 865 1679 Praesta,
891 1649 1029 1679 superna
1047 1640 1173 1671 trinitas

718 1687 876 1727 Trinaque
900 1688 1034 1727 simplex
1059 1687 1184 1728 veritas,

719 1734 765 1766 Ut
787 1744 844 1766 nos
869 1733 1019 1766 reformet
1044 1734 1184 1777 castitas,

722 1781 885 1821 Regatque
907 1780 972 1813 fida
997 1782 1123 1814 caritas.

355 1856 438 1883 Brev.
464 1863 515 1881 uis.
538 1855 751 1882 Barcinonense
776 1864 849 1883 saec.
878 1854 920 1883 15.
943 1856 1011 1883 Cod.
1034 1857 1126 1891 Capit.
1148 1857 1249 1884 Vicen.
1271 1856 1344 1884 CIX.
1365 1857 1398 1884 A.
1424 1873 1463 1877 —
1483 1859 1566 1885 Brev.

277 1902 328 1920 ms.
350 1894 526 1920 Dertusense
546 1901 619 1920 saec.
642 1890 684 1919 15.
706 1890 774 1920 Cod.
797 1894 890 1929 Capit.
910 1894 1063 1921 Dertusen.
1082 1902 1104 1920 s.
1126 1903 1153 1920 n.
1173 1894 1206 1920 B.
1227 1908 1266 1912 —
1286 1895 1369 1922 Brev.
1389 1896 1566 1923 Dertusense

277 1939 351 1958 saec.
381 1929 423 1957 15.
445 1929 512 1956 cod.
535 1929 625 1964 Capit.
645 1930 798 1958 Dertuseu.
825 1940 847 1958 s.
872 1939 899 1957 n.
923 1932 953 1957 O.
973 1945 1012 1949 —
1031 1930 1111 1959 Offic.
1131 1940 1184 1958 ms.
1208 1940 1282 1959 saec.
1304 1931 1347 1959 16.
1370 1932 1438 1960 Cod.
1458 1934 1566 1961 Semin.

274 1968 434 1996 Gerunden.
457 1965 539 1995 2309.
561 1969 597 1995 D.
619 1982 654 1987 --
674 1968 758 1995 Brev.
778 1969 957 1996 Dertusense
974 1970 1044 2005 imp.
1060 1969 1197 2004 Lugduni
1218 1968 1300 1997 1547.
1320 1970 1356 1996 E.

711 2087 778 2119 240.
818 2089 860 2119 De
878 2088 988 2118 sancta.
1006 2088 1129 2119 Helena..

815 2155 849 2184 In
869 2154 1027 2184 Laudibus.

280 2223 309 2257 1.
337 2223 455 2255 Chorus
479 2223 583 2254 fidelis
608 2222 702 2253 hodie
950 2224 982 2254 2.
1008 2223 1097 2254 Haec
1119 2225 1167 2253 est
1189 2222 1312 2255 Helena
1337 2225 1450 2268 rutilis,

333 2271 461 2302 Festum
487 2274 559 2309 agat
583 2269 735 2309 insignius
1008 2271 1092 2308 Quae
1117 2268 1178 2300 fuit
1201 2270 1286 2301 orbis
1313 2271 1448 2314 domina,

333 2317 549 2356 Imperatricis
575 2316 695 2357 hagiae,
1007 2316 1164 2354 Sublimis,
1191 2317 1254 2357 pia,
1281 2317 1418 2361 humilis,

336 2364 433 2402 Quam
465 2362 606 2395 Christus
639 2363 713 2395 beat
743 2365 891 2397 sanctius,
1007 2363 1177 2403 Attingens
1205 2365 1283 2396 coeli
1309 2366 1456 2400 culmina.
