1651 2518
713 108 943 143 —71—

185 203 218 235 3.
242 202 289 235 Te
312 204 489 243 sequantur,
513 205 547 234 te
567 201 712 235 fruantur
858 206 888 238 4.
914 205 977 237 Sed
1001 204 1133 245 Agnetis
1157 204 1238 236 votis
1261 205 1354 237 laetis

290 249 382 280 Nune
395 252 435 291 et,
450 258 517 281 oum
531 249 628 282 vitam
638 252 797 292 termines,
962 252 1029 284 Vox
1053 253 1122 284 oret
1145 253 1177 282 te
1197 252 1377 292 jucundum,

242 295 286 329 Ut
309 299 472 336 sequentes
497 297 561 329 sint
581 298 762 339 psallentes,
913 298 1123 339 Impetrand0‚
1150 307 1241 330 sacra
1266 298 1381 339 dando,

289 343 567 383 Quocunque
615 346 796 386 pergis,
958 346 1012 377 Te
1051 346 1342 387 deprecamur,
1384 346 1473 377 lar-

527 400 726 431 vlrglnes.
1248 402 1347 432 g1us.

578 449 609 481 5.
636 447 789 489 Genitori,
816 448 969 480 conditori

683 495 817 536 Tibique
838 495 925 527 danti
949 496 1089 535 praemia

634 543 859 582 Pneumatique
883 542 924 573 sit
947 543 1061 583 ubique

678 589 803 630 Laus,
829 589 976 629 honor,
999 590 1155 628 virtus,
1181 589 1330 629 gloria.

260 652 344 680 Brev.
370 661 423 679 ms.
442 653 601 681 Illerclense
623 655 692 680 anni
721 651 803 681 1451.
824 653 892 680 Ood.
914 652 1006 689 Capit.
1025 652 1159 681 Illerden.
1187 661 1209 679 s.
1230 662 1256 680 n.
1277 653 1311 680 A.
1332 666 1368 671 --
1388 653 1473 681 BreV.

183 689 341 717 Illerdense
360 691 429 726 imp.
450 699 491 718 ea.
514 687 594 718 1533.
614 691 646 717 B.

629 799 675 830 90.
714 800 757 830 De
776 800 884 831 saneta
904 801 1033 840 Agnete.

699 866 748 895 Ad
766 866 954 896 Nocturnum.

186 934 215 966 1.
241 934 388 966 Exsultet
409 935 474 973 jam
497 934 637 974 angelica
854 937 884 968 3.
910 936 999 967 Haec
1021 936 1172 975 pupillari
1195 938 1337 976 tempore

245 981 352 1013 Turba
374 982 529 1013 coelorum
552 982 697 1021 modulis,
912 982 1018 1022 Novit,
1044 986 1079 1014 ut
1103 982 1169 1014 Deo
1194 983 1324 1024 viveret,

242 1028 374 1059 Terreni
401 1030 527 1059 cantent
551 1028 672 1059 cantica
912 1029 948 1060 In
973 1029 1107 1068 puellari
1131 1029 1245 1061 robore

244 1073 316 1107 Una
338 1083 427 1106 senes
453 1083 521 1106 cum
545 1075 693 1113 parvulis.
916 1075 1047 1107 Gratum
1069 1080 1105 1106 ut
1128 1075 1263 1107 fructum
1287 1077 1447 1109 redderet.

186 1132 216 1162 2.
244 1131 373 1170 Agnetis
398 1131 499 1162 almae
522 1130 652 1170 virginis
857 1133 887 1164 4.
913 1131 957 1163 Et
980 1132 1122 1172 linquens
1146 1134 1256 1164 mundi
1279 1134 1412 1173 pallium

241 1177 425 1209 Recolentes
449 1178 638 1217 memoriam,
916 1179 1026 1210 Verbis
1053 1180 1214 1211 doetrinae
1237 1179 1344 1211 floruit

241 1225 338 1263 Quam
363 1234 459 1264 agnus
480 1227 511 1256 et
535 1223 604 1256 fons
629 1225 753 1257 luminis
910 1225 1119 1266 Scrutansque
1145 1227 1261 1259 Christi
1285 1227 1426 1258 studium

240 1271 454 1310 Desponsavit
475 1281 533 1311 per
557 1272 699 1311 gratiam.
909 1273 1052 1305 Tandem
1076 1273 1173 1304 vitam
1195 1274 1379 1313 promeruit.

624 1330 657 1360 5.
682 1328 731 1360 Sit
751 1328 836 1368 patri
862 1329 1031 1361 dominatio

683 1375 835 1415 Agnoque
858 1378 931 1407 nato
956 1376 1066 1416 gloria,

681 1422 845 1454 Pneumati
868 1423 1028 1454 veneratio

683 1469 845 1509 Nobisque
870 1470 943 1501 data
967 1470 1078 1509 gratia.

258 1532 342 1559 Brev.
361 1533 518 1560 Illerdense
538 1534 607 1560 anni
629 1531 710 1560 1451.
731 1533 799 1561 Cocl.
821 1533 914 1569 Capit.
934 1533 1070 1561 mei-deu.
1093 1546 1112 1559 κ.
1132 1542 1160 1560 n.
1181 1533 1215 1561 A.
1289 1535 1338 1561 ΒΥ(
1366 1553 1372 1559 .
1393 1534 1473 1561 Iller—

185 1570 273 1597 ‹lense
291 1571 358 1603 imp.
379 1578 421 1597 ea.
444 1568 525 1598 1533.
544 1571 577 1598 Β.

627 1680 666 1711 91.
707 1681 750 1712 De
771 1681 876 1712 sancto
896 1681 1029 1712 Andrea.

682 1746 716 1775 In
735 1747 824 1784 Vesp.
847 1749 876 1775 et
894 1746 987 1776 Laud.

187 1817 218 1849 1.
244 1818 283 1849 In
306 1816 368 1847 hoc
392 1814 471 1847 festo
496 1816 676 1848 solemniter
862 1817 893 1848 4.
916 1818 1049 1860 Aegeas,
1076 1816 1175 1848 hostis
1201 1819 1354 1858 saevulus,

245 1864 427 1896 Gaudentes
451 1863 640 1895 unanimiter
919 1865 1027 1906 Jussit‚
1053 1866 1089 1895 ut
1112 1863 1172 1895 Dei
1198 1864 1329 1897 famulus

243 1911 421 1943 Laudemus
445 1910 504 1942 Dei
530 1908 638 1949 filium,
918 1911 1036 1943 Taetro
1061 1915 1165 1943 trusus
1190 1912 1222 1944 in
1249 1921 1374 1945 carcere

243 1958 435 1990 Dilectorem
462 1957 632 1990 humilium.
919 1957 1075 1990 (laedatur
1100 1959 1196 1991 multo
1223 1960 1362 1992 verbere.

185 2017 215 2048 2.
243 2015 300 2054 Qui
328 2015 367 2046 de
393 2017 524 2054 captura
546 2014 679 2053 piscium
860 2017 891 2048 5.
916 2015 1001 2047 Hine
1022 2015 1114 2055 J'ussit
1142 2016 1340 2049 carnificibus

242 2062 295 2095 Ad
320 2062 452 2093 salutem
479 2062 670 2094 credentium
916 2062 997 2094 Eum
1022 2063 1113 2103 ligari
1136 2061 1273 2104 funibus,

243 2109 402 2143 Andream
428 2110 525 2141 traxit
552 2108 701 2140 famulum
917 2109 963 2141 Ut
987 2118 1078 2142 cruce
1102 2111 1242 2149 pendens
1267 2112 1409 2143 inclitum

241 2159 365 2189 vocans
391 2166 460 2188 eum
486 2157 670 2197 apostolum.
917 2157 965 2188 lbi
992 2158 1128 2198 deponat
1150 2159 1305 2198 spiritum.

184 2215 214 2246 3.
239 2213 302 2246 Hie
325 2214 416 2246 bonis
441 2214 564 2254 pollens
590 2213 729 2244 moribus
859 2214 889 2247 6.
915 2214 953 2246 In
978 2223 1070 2246 eruce
1094 2215 1235 2254 pendens
1261 2216 1356 2248 biduo

241 2261 438 2301 Insignisque
462 2260 631 2294 virtutibus
916 2261 1124 2297 Praedicabat
1149 2263 1292 2296 continuo

241 2309 392 2342 Achaiam
418 2308 610 2348 provinciam
914 2308 957 2340 Et
982 2309 1027 2341 sic
1052 2318 1120 2341 011111
1145 2310 1214 2342 11100
1237 2313 1372 2344 maxima

240 2356 341 2389 Duxit
364 2357 406 2389 ad
431 2357 491 2388 Dei
515 2357 659 2397 gratiam.
918 2356 1044 2389 coelum
1068 2359 1250 2391 conscendit
1273 2360 1385 2394 anima.
