1651 2518
715 122 758 127 --
809 102 970 136 264-

224 219 231 225 .
258 195 329 226 Non
355 198 387 226 te
411 194 538 235 frangat
561 196 747 235 adversitas,
873 197 904 228 5.
930 195 1048 226 Ursula
1072 192 1261 225 valefaciens

258 242 352 273 Haud
376 250 528 281 pavescas
554 242 721 282 supplicia,
930 240 1089 280 Abyssum
1114 241 1252 280 gaudens
1278 238 1414 280 transiit,

260 287 329 318 Nee
353 289 479 320 attollat
500 289 706 328 prosperitas,
931 287 1072 319 Tandem
1096 296 1155 326 pro
1180 286 1307 319 Christo
1330 286 1454 325 patiens

260 333 309 365 Sis
334 333 425 366 fortis
452 338 561 366 contra
584 334 672 367 vitia.
932 333 1056 365 Coelum
1083 342 1151 364 cum
1176 334 1240 366 suis
1265 332 1354 364 adiit.

225 411 232 420 .
259 391 330 422 Jam
355 391 436 422 vade
461 390 618 422 Christum
643 398 803 431 quaerere,
875 392 905 423 6.
933 390 1058 422 Clarum
1083 392 1248 428 praestans
1275 398 1313 420 ex
1336 388 1453 431 nubilo,

259 436 391 475 Quaere,
417 438 517 469 donec
540 437 682 468 invenias
932 436 1019 475 Jesu,
1043 445 1210 476 precamur
1233 436 1404 475 supplices,

260 482 364 522 Disce,
392 484 571 514 commissos
596 491 715 522 regere,
930 482 1055 514 Laudes
1083 483 1192 514 dantes
1219 491 1287 513 cum
1307 482 1408 521 jubilo

260 530 371 560 Artem
397 528 490 561 factis
515 530 712 569 praevenias,
936 530 973 561 ln
996 529 1088 560 bonis
1113 538 1169 561 nos
1194 529 1392 569 multiplices.

276 593 361 619 Brev.
381 592 541 629 Sigenense
560 594 630 629 imp.
652 592 899 629 Caesaraugustae
919 591 1001 621 1547.

631 731 700 762 462.
739 730 783 762 De
806 732 916 763 sancta.
934 729 1056 762 Ursula.

724 797 758 826 In
779 796 804 825 2.
818 797 964 835 Vesperis.

227 892 233 898 .
261 864 419 904 Splendor
441 866 521 897 lucis
547 869 579 897 et
601 875 664 906 pax
691 865 800 904 dulciS,
873 870 904 900 4.
931 866 978 897 Tu
1002 866 1180 906 splendoris
1204 869 1235 897 et
1261 866 1382 898 decoris

311 912 452 944 Aeterna
478 912 659 955 consolatio,
980 913 1163 953 Congaudes
1186 913 1362 953 privilegio,

265 958 344 990 Sunt
367 962 478 999 optata
501 960 560 991 tibi
585 960 659 991 data
931 959 997 991 Nos
1022 960 1120 992 locari
1145 959 1207 999 fac,
1233 959 1335 991 dotari

312 1004 430 1037 Summi
454 1007 537 1045 regis
559 1007 689 1045 palatio.
978 1008 1015 1039 In
1041 1006 1169 1039 coelesti
1195 1006 1334 1046 collegio.

233 1085 241 1093 .
266 1060 354 1093 Labe
379 1070 499 1101 carenS,
522 1063 592 1093 leve
615 1062 746 1100 clarenS,
876 1065 906 1096 5.
933 1063 1033 1095 Stella
1059 1063 1173 1094 cadens
1197 1070 1303 1093 secum
1327 1063 1457 1094 trahens

311 1107 442 1139 Sumens
468 1117 581 1148 corpus
606 1109 749 1140 subtilius
977 1108 1148 1141 Maximam
1172 1114 1295 1148 partem
1320 1109 1469 1149 siderum,

263 1154 469 1197 Sustentabit,
496 1157 548 1195 qui
571 1154 756 1195 praestabit,
932 1157 986 1188 Ad
1009 1157 1138 1196 majora,
1164 1156 1296 1187 meliora

309 1200 440 1241 Semper
466 1210 533 1233 cum
558 1205 650 1241 patre
675 1201 770 1235 filius.
977 1202 1099 1243 Lingua
1123 1203 1247 1235 vocavit
1270 1211 1408 1242 operum.

230 1284 237 1291 .
263 1257 367 1289 Decus
391 1258 479 1299 legis,
507 1258 625 1290 vultum
647 1258 729 1298 regis
879 1259 908 1291 6.
932 1258 1017 1299 Ergo
1042 1259 1142 1290 lassos
1167 1260 1265 1290 multa
1289 1268 1398 1298 passos

309 1304 407 1336 Placa
431 1313 559 1336 servans
583 1305 616 1335 in
640 1305 754 1345 medio,
968 1306 1128 1337 Mundans
1153 1315 1172 1337 a
1194 1306 1267 1337 labe
1292 1306 1464 1346 criminum,

261 1350 311 1382 Da
334 1352 448 1382 minori
471 1352 555 1383 velle
578 1352 658 1383 mori
932 1352 1017 1384 Audi
1043 1360 1163 1391 preces,
1188 1352 1272 1391 pelle
1297 1351 1411 1390 faeces,

310 1397 346 1429 In
371 1399 567 1437 paupertatis
590 1399 731 1438 praedio.
972 1399 1056 1440 Jesu,
1086 1407 1200 1430 corona
1225 1399 1388 1438 virginum.

569 1455 600 1488 7.
625 1453 739 1493 Spreto
765 1456 880 1487 mundo
907 1455 1002 1487 corde
1025 1455 1141 1487 mundo

674 1501 781 1541 Culpis
806 1502 937 1541 abjectis
961 1502 1093 1542 longius,

627 1548 712 1580 Deus
737 1549 828 1591 trine,
854 1549 922 1580 sine
944 1547 1007 1580 fine

673 1595 720 1626 Te
743 1594 942 1634 perfruamur
964 1596 1092 1635 largius.

279 1659 362 1686 Brev.
377 1659 536 1693 Sigenense
556 1659 622 1694 imp.
639 1658 884 1695 Caesaraugustae
906 1657 987 1687 1547.
1001 1674 1035 1679 -—-
1049 1660 1131 1687 Nach
1151 1658 1176 1694 3,
1198 1657 1215 1687 3
1235 1662 1275 1688 ist
1287 1660 1337 1688 der
1351 1661 1491 1696 Hymnus,

204 1705 264 1724 was
284 1697 373 1723 sehon
393 1696 444 1723 das
458 1696 601 1724 Versmass
623 1699 772 1724 vern-luten
787 1697 860 1731 liess,
880 1706 937 1725 von
952 1699 1043 1725 einem
1057 1698 1387 1726 Frauziskanerdtaliter.
1421 1698 1493 1725 Das-

207 1734 284 1761 solbe
306 1736 346 1761 ist
364 1733 483 1768 folglich
504 1734 577 1761 auc-h
596 1736 650 1761 mit
669 1735 724 1763 den
744 1735 803 1763 drei
824 1735 1078 1771 vorhergehendeu
1097 1735 1232 1770 Hymnen
1250 1735 1300 1762 der
1320 1736 1392 1764 Fan.

208 2008 238 2039 1.

208 2203 238 2233 2.

639 1872 696 1903 463
743 1873 787 1903 De
809 1873 917 1904 saneta
936 1872 1057 1905 Ursula.

741 1940 789 1968 Ad
809 1939 961 1978 Vesper-as.

263 2006 316 2038 Ad
334 2005 500 2046 Christum,
522 2011 643 2045 patrem
660 2007 820 2047 luminum,
881 2010 911 2041 3.
938 2009 1026 2041 Haec
1050 2010 1155 2042 Mauri
1181 2011 1262 2050 regis
1287 2010 1354 2042 filia

264 2053 301 2084 In
326 2053 485 2084 solemniis
509 2053 666 2092 virgiuum
941 2055 1104 2096 Constans,
1129 2058 1279 2096 prudens,
1305 2058 1401 2098 mitis,
1426 2059 1491 2099 pia,

264 2097 466 2131 Proferamus
492 2100 606 2132 eximia
935 2101 1018 2134 Dum
1042 2112 1138 2143 regna
1161 2104 1289 2143 tempsit
1311 2107 1424 2144 terrea,

264 2146 357 2178 Nova
378 2147 507 2179 laudum
530 2148 709 2186 praeconia.
933 2149 1083 2181 Pervenit
1106 2150 1147 2180 ad
1172 2151 1327 2183 aetherea.

263 2202 370 2233 Prima
393 2203 425 2233 in
449 2205 556 2234 nostro
583 2204 718 2234 carmine
877 2205 907 2235 4.
934 2203 1026 2235 Hanc
1049 2205 1189 2244 sequitur
1214 2206 1378 2245 collegium

265 2247 361 2288 Virgo
387 2257 478 2280 rosea
501 2250 650 2289 sanguino
935 2250 1088 2283 Undecim
1112 2260 1232 2283 sacrum
1259 2253 1389 2293 milium,

265 2293 363 2325 Sacra
384 2297 545 2334 promatur
571 2296 696 2336 Ursula,
934 2297 1020 2335 Quae
1043 2297 1206 2329 rubicatae
1228 2300 1380 2339 sanguine

266 2340 369 2381 Digna
392 2342 452 2373 Dei
478 2341 641 2381 discipula.
936 2343 1079 2384 vindica,
1106 2345 1251 2389 clamant,
1277 2346 1423 2380 Domine.
