1651 2518
744 112 975 147 ,35-

216 210 270 242 17.
297 210 428 242 Domum
454 210 538 241 tuam
564 209 683 250 introii,
893 208 947 242 21.
975 207 1143 240 Curramus
1169 215 1241 246 ergo
1265 214 1402 246 propere

296 258 373 290 Cum
397 256 511 288 ceteris
537 256 691 294 discubui,
974 255 1149 295 Angustam
1174 254 1286 285 callem
1309 253 1443 295 patriae,

296 302 364 335 Nec
389 305 485 343 caput
508 311 610 334 meum
635 303 760 335 roscido
975 301 1120 341 Spatiosa
1140 301 1255 333 itinera

293 350 477 382 Delinivisti
502 351 570 382 oleo
973 348 1071 381 Morti
1095 349 1270 388 linquamus
1296 347 1449 387 proxima,

299 396 368 429 Nec
391 396 502 428 saltem
526 397 612 428 unda
635 396 730 428 rivuli
974 394 1103 428 Efficiat
1127 404 1183 427 nos
1208 395 1327 427 incolas

296 444 397 476 Pedes
422 445 535 475 rorasti
561 443 705 484 hospitis
976 442 1060 474 Coeli
1085 445 1195 474 saneta
1221 441 1390 472 humilitas.

217 509 271 542 18.
295 508 384 541 Haec
409 511 522 549 autem,
549 517 588 539 ex
613 517 673 549 quo
698 509 802 551 subiit,
894 510 947 540 22.
974 509 1065 542 Jesus
1090 517 1148 548 pro
1172 506 1391 547 peccatoribus

297 556 454 595 Implevit,
482 556 632 595 quidquid
658 557 779 595 potuit;
973 555 1094 586 Venisti
1121 556 1160 587 de
1186 553 1383 593 coelestibus,

300 603 380 642 Quia
404 611 454 634 me
477 603 610 634 multum
636 603 740 644 coluit,
973 601 1019 634 Ut
1043 610 1207 641 reparares
1233 609 1394 632 numerum

297 649 432 682 Multam
457 650 632 680 mercedem
658 650 781 689 meruit,
974 649 1011 681 In
1035 649 1179 688 supernis
1203 649 1386 689 angelicum,

299 696 421 729 Cuncta
445 697 511 735 ers
536 694 678 727 facinora
974 696 1068 728 Unde
1093 696 1208 727 cadens
1233 697 1378 735 apostata.

301 742 376 775 Mea
401 743 486 775 delet
511 743 684 775 clementia.
975 741 1071 774 Satan
1094 742 1160 774 ruit
1179 743 1211 774 in
1235 744 1365 774 tartara.

219 808 273 840 19.
300 808 478 840 Conversus
502 809 543 840 ad
567 808 730 839 mulierem
893 809 948 840 23.
974 807 1095 840 Adesto
1117 808 1207 840 nobis
1230 807 1364 849 miseris,

301 854 353 888 Sic
378 854 556 886 consolatur
580 853 733 886 flebilem:
974 855 1055 893 Quos
1089 858 1201 894 gravat.
1223 856 1346 894 pondus
1371 854 1509 894 sceleris,

297 903 502 934 peccatorum
526 901 667 933 remissio
973 902 1036 934 Per
1059 900 1134 933 fidei
1158 902 1290 941 vestigia

300 948 374 980 Tibi
401 948 454 980 fiat
478 948 634 991 continuo,
974 948 1147 987 sequamur
1168 951 1200 979 te
1223 948 1256 979 in
1280 948 1426 988 patriam,

301 995 421 1035 Sponte
445 995 596 1034 quaesisti
620 993 787 1033 medicum,
973 995 1071 1032 Quam
1096 995 1270 1034 promisisti
1295 995 1438 1027 omnibus

300 1041 371 1073 Hoc
395 1041 454 1073 tibi
479 1042 521 1073 sit
544 1041 725 1073 remedium.
973 1041 1021 1073 Te
1043 1050 1119 1073 vere
1144 1042 1355 1082 diligentibus

221 1108 274 1140 20.
302 1108 326 1140 Ο
353 1105 431 1138 felix
454 1106 512 1138 illa
534 1107 693 1145 meretriX,
893 1107 947 1139 24.
973 1108 1067 1149 Laus,
1094 1106 1194 1139 honor
1218 1107 1285 1146 tibi,
1312 1106 1455 1146 Domine,

300 1154 324 1186 O
351 1154 455 1185 audax
481 1162 535 1184 cor
558 1153 710 1194 mulieris,
974 1152 1023 1186 Sit
1048 1156 1079 1185 et
1100 1154 1247 1193 perennis
1273 1154 1382 1194 gloria,

298 1201 481 1233 Incendium
506 1200 649 1232 libidinis
973 1201 1081 1240 Agnus
1107 1201 1159 1239 qui
1186 1204 1297 1232 cuncta
1323 1201 1435 1232 tollere

299 1248 384 1286 Quae
408 1247 574 1286 restinguit
599 1255 668 1278 cum
684 1245 834 1288 lacrimiS,
974 1246 1095 1278 Venisti
1119 1247 1229 1281 mundi
1253 1247 1393 1286 crimina,

299 1294 419 1325 Vulnus
444 1294 598 1325 occultum
623 1293 761 1332 pectoris
975 1293 1051 1326 Cum
1075 1296 1168 1333 patre
1192 1302 1224 1325 es
1249 1297 1356 1325 sancto
1380 1294 1493 1334 spiritu

299 1341 393 1373 Crine
418 1341 550 1372 detersit
574 1340 696 1379 capitis.
969 1341 1007 1373 111
1032 1341 1223 1380 sempiterna
1247 1341 1381 1372 saecula.

290 1406 421 1433 Process.
447 1405 557 1432 Montis
582 1404 692 1432 Sei-rati
720 1405 788 1440 imp.
813 1405 845 1431 in
871 1405 971 1432 Monte
997 1403 1113 1432 Seri-ato
1141 1402 1220 1432 1500.
1308 1403 1337 1438 6,
1367 1403 1383 1431 5
1410 1404 1508 1431 delicti

214 1443 324 1470 rabida.
345 1456 382 1461 —
395 1441 421 1477 7,
445 1440 462 1469 5
480 1443 539 1469 imo
559 1444 683 1477 pectore.
697 1441 818 1469 —Dars
838 1440 864 1475 8,
888 1440 901 1468 1
923 1451 966 1478 sq.
980 1442 1037 1470 und
1054 1441 1078 1476 9,
1102 1439 1116 1469 1
1131 1450 1173 1477 sq.
1191 1442 1281 1477 vtillig
1293 1442 1509 1478 glaeichlautend

215 1480 293 1513 sind,
321 1479 435 1508 scheint
457 1479 547 1506 durch
577 1479 683 1506 Irrtum
710 1479 759 1506 der
790 1479 983 1508 Abschreiber
1006 1480 1178 1515 gekommeu
1201 1488 1239 1506 zu
1262 1482 1333 1507 sein.
1368 1495 1405 1500 -—
1431 1477 1464 1512 9,
1491 1478 1508 1506 6

214 1518 359 1553 capicilio.
383 1532 419 1536 -—
442 1515 483 1550 11,
508 1515 522 1543 1
536 1517 604 1545 Jam
624 1516 737 1552 quidem
759 1517 852 1544 eorde.
867 1532 904 1537 -
926 1515 968 1551 11,
989 1514 1007 1545 3
1023 1517 1056 1545 Si
1077 1519 1174 1545 essent
1192 1518 1247 1545 hie.
1268 1532 1304 1536 —
1320 1514 1354 1544 13
1387 1516 1404 1544 5
1419 1518 1507 1550 Quin—

213 1557 308 1592 gentis
333 1555 406 1582 alter
432 1556 542 1591 minus3
568 1554 621 1581 lies
646 1555 768 1582 miniis?
788 1569 825 1573 —
854 1553 900 1589 14,
925 1553 942 1581 2
961 1556 1028 1583 Non
1053 1555 1181 1583 habuere
1198 1555 1335 1582 debiturn.
1354 1570 1393 1574 ——-
1414 1553 1462 1587 17,
1491 1552 1507 1562 ⁶

214 1593 321 1621 roeido.
343 1608 383 1612 —
408 1591 455 1625 17,
480 1590 501 1619 4
525 1592 673 1620 Delinisti.
702 1606 737 1611 —
762 1592 862 1628 Vergl.
888 1593 963 1620 auch
989 1592 1035 1620 die
1053 1593 1202 1628 Hymnen:
1226 1593 1263 1619 111
1288 1592 1371 1620 domo
1402 1593 1508 1628 quippe

214 1630 349 1662 Simonis,
372 1630 396 1657 O
415 1630 487 1658 felix
507 1630 560 1657 illa
579 1631 715 1657 meretrix
736 1629 796 1657 und
814 1630 872 1658 Pro
893 1630 1014 1666 speciali
1033 1631 1133 1658 linteo.

656 1774 697 1807 15.
736 1774 779 1806 De
799 1776 906 1806 sancto
927 1775 1058 1815 Spiritu.

730 1861 777 1890 Ad
796 1860 984 1890 Nocturnum.

214 1952 245 1984 1.
271 1950 360 1982 Hora
385 1949 542 1989 surgendo
569 1957 715 1989 congrua,
893 1949 923 1982 2.
949 1948 1115 1989 Donetque
1142 1949 1258 1981 nostris
1283 1949 1426 1982 sensibus

269 1998 361 2029 Mens
386 1999 495 2028 nostra
518 1996 620 2028 Deum
645 1996 769 2037 rogitet,
949 1995 1085 2035 Spiritus
1110 1997 1211 2027 sancti
1236 1997 1379 2035 gratiam,

270 2045 316 2077 Ut
339 2045 432 2085 pulsa
458 2044 569 2083 culpae
593 2042 726 2075 tenebra
949 2044 995 2076 Ut
1018 2043 1173 2082 superatis
1198 2044 1340 2075 hostibus

270 2092 341 2124 Lux
365 2094 476 2123 sancta
500 2101 556 2123 nos
581 2090 746 2122 illuminet.
949 2089 1117 2122 Veniamus
1142 2091 1184 2122 ad
1208 2091 1348 2131 gloriam.

578 2158 609 2190 3.
636 2158 783 2190 Praestet
805 2157 866 2188 hoc
890 2156 955 2188 nati
980 2156 1111 2197 genitor,

634 2206 705 2237 Hoc
729 2204 879 2244 genitoris
902 2204 1024 2243 genitus

634 2253 684 2284 Ac
707 2261 768 2291 par
789 2252 917 2291 utrique
942 2250 1086 2283 conditor

633 2300 808 2332 Paraclitus
833 2299 911 2331 haec
936 2298 1075 2338 spiritus.

284 2365 363 2393 Orat.
384 2374 438 2394 ms.
460 2373 534 2393 saec.
556 2362 600 2393 15.
623 2364 693 2393 Goel-
714 2364 744 2392 S.
764 2363 942 2393 Ferdinandi
961 2364 1108 2392 Matriten.
1130 2362 1174 2392 14.

1295 2410 1338 2442 3*
