<?xml version="1.0" encoding="UTF-8"?>
<!DOCTYPE html PUBLIC "-//W3C//DTD XHTML 1.0 Transitional//EN"
    "http://www.w3.org/TR/xhtml1/DTD/xhtml1-transitional.dtd">
<html xmlns="http://www.w3.org/1999/xhtml" xml:lang="en" lang="en">
 <head>
  <title>
</title>
<meta http-equiv="Content-Type" content="text/html;charset=utf-8" />
  <meta name='ocr-system' content='tesseract 3.04.00' />
  <meta name='ocr-capabilities' content='ocr_page ocr_carea ocr_par ocr_line ocrx_word'/>
</head>
<body>
  <div class='ocr_page' id='page_1' title='image "./analectahymnica16drevuoft_00183.png"; bbox 0 0 1651 2518; ppageno 0'>
   <div class='ocr_carea' id='block_1_1' title="bbox 734 114 989 147">
    <p class='ocr_par' dir='ltr' id='par_1_1' title="bbox 734 114 989 147">
     <span class='ocr_line' id='line_1_1' title="bbox 734 114 989 147; baseline 0 0"><span class='ocrx_word' id='word_1_1' title='bbox 734 114 989 147; x_wconf 80' lang='lat'>-180—</span> 
     </span>
    </p>
   </div>
   <div class='ocr_carea' id='block_1_2' title="bbox 561 203 1168 243">
    <p class='ocr_par' dir='ltr' id='par_1_2' title="bbox 561 203 1168 243">
     <span class='ocr_line' id='line_1_2' title="bbox 561 203 1168 243; baseline -0.007 -6"><span class='ocrx_word' id='word_1_2' title='bbox 561 206 628 239; x_wconf 85' lang='grc'><strong>309.</strong></span> <span class='ocrx_word' id='word_1_3' title='bbox 666 207 710 237; x_wconf 87' lang='grc'><strong>1)6</strong></span> <span class='ocrx_word' id='word_1_4' title='bbox 729 206 835 237; x_wconf 80' lang='lat' dir='ltr'><strong>saneto</strong></span> <span class='ocrx_word' id='word_1_5' title='bbox 855 204 995 235; x_wconf 73' lang='lat' dir='ltr'><strong>Johanne</strong></span> <span class='ocrx_word' id='word_1_6' title='bbox 1016 203 1168 243; x_wconf 76' lang='lat' dir='ltr'>Baptista.</span> 
     </span>
    </p>
   </div>
   <div class='ocr_carea' id='block_1_3' title="bbox 225 285 746 466">
    <p class='ocr_par' dir='ltr' id='par_1_3' title="bbox 225 285 746 364">
     <span class='ocr_line' id='line_1_3' title="bbox 225 285 746 326; baseline -0.006 -8"><span class='ocrx_word' id='word_1_7' title='bbox 225 287 256 318; x_wconf 87' lang='grc'><strong>1.</strong></span> <span class='ocrx_word' id='word_1_8' title='bbox 283 286 493 326; x_wconf 71' lang='lat' dir='ltr'><strong>Praeparavit</strong></span> <span class='ocrx_word' id='word_1_9' title='bbox 515 288 608 324; x_wconf 79' lang='lat' dir='ltr'><strong>atque</strong></span> <span class='ocrx_word' id='word_1_10' title='bbox 631 285 746 316; x_wconf 78' lang='lat' dir='ltr'><strong>stravit</strong></span> 
     </span>
     <span class='ocr_line' id='line_1_4' title="bbox 331 333 603 364; baseline -0.007 0"><span class='ocrx_word' id='word_1_11' title='bbox 331 333 463 364; x_wconf 89' lang='lat' dir='ltr'><strong>Domino</strong></span> <span class='ocrx_word' id='word_1_12' title='bbox 488 333 603 363; x_wconf 85' lang='lat' dir='ltr'><strong>itinera</strong></span> 
     </span>
    </p>

    <p class='ocr_par' dir='ltr' id='par_1_4' title="bbox 284 379 743 420">
     <span class='ocr_line' id='line_1_5' title="bbox 284 379 743 420; baseline -0.007 -9"><span class='ocrx_word' id='word_1_13' title='bbox 284 379 347 411; x_wconf 87' lang='lat' dir='ltr'><strong>Ore</strong></span> <span class='ocrx_word' id='word_1_14' title='bbox 371 388 469 420; x_wconf 82' lang='lat' dir='ltr'><strong>aequo</strong></span> <span class='ocrx_word' id='word_1_15' title='bbox 493 381 605 410; x_wconf 80' lang='lat' dir='ltr'><strong>tonans</strong></span> <span class='ocrx_word' id='word_1_16' title='bbox 629 385 743 417; x_wconf 81' lang='lat' dir='ltr'><strong>praeco</strong></span> 
     </span>
    </p>

    <p class='ocr_par' dir='ltr' id='par_1_5' title="bbox 328 426 742 466">
     <span class='ocr_line' id='line_1_6' title="bbox 328 426 742 466; baseline -0.01 -8"><span class='ocrx_word' id='word_1_17' title='bbox 328 426 595 466; x_wconf 81' lang='lat' dir='ltr'><strong>Complanansque</strong></span> <span class='ocrx_word' id='word_1_18' title='bbox 620 432 742 463; x_wconf 81' lang='lat' dir='ltr'><strong>aspera.</strong></span> 
     </span>
    </p>
   </div>
   <div class='ocr_carea' id='block_1_4' title="bbox 225 480 763 653">
    <p class='ocr_par' dir='ltr' id='par_1_6' title="bbox 225 480 763 653">
     <span class='ocr_line' id='line_1_7' title="bbox 225 480 763 520; baseline -0.004 -8"><span class='ocrx_word' id='word_1_19' title='bbox 225 482 256 514; x_wconf 87' lang='lat'><strong>2.</strong></span> <span class='ocrx_word' id='word_1_20' title='bbox 283 481 345 512; x_wconf 89' lang='lat' dir='ltr'><strong>Hie</strong></span> <span class='ocrx_word' id='word_1_21' title='bbox 371 482 504 520; x_wconf 80' lang='lat' dir='ltr'><strong>deserta,</strong></span> <span class='ocrx_word' id='word_1_22' title='bbox 527 481 592 519; x_wconf 79' lang='lat' dir='ltr'><strong>J&#39;am</strong></span> <span class='ocrx_word' id='word_1_23' title='bbox 612 480 653 511; x_wconf 79' lang='lat' dir='ltr'><strong>ad</strong></span> <span class='ocrx_word' id='word_1_24' title='bbox 677 481 763 511; x_wconf 76' lang='lat' dir='ltr'><strong>serta</strong></span> 
     </span>
     <span class='ocr_line' id='line_1_8' title="bbox 328 526 733 567; baseline -0.007 -8"><span class='ocrx_word' id='word_1_25' title='bbox 328 529 425 560; x_wconf 69' lang='lat' dir='ltr'><strong>Totus</strong></span> <span class='ocrx_word' id='word_1_26' title='bbox 449 526 585 567; x_wconf 81' lang='lat' dir='ltr'><strong>flagrans</strong></span> <span class='ocrx_word' id='word_1_27' title='bbox 609 535 733 565; x_wconf 83' lang='lat' dir='ltr'><strong>supera,</strong></span> 
     </span>
     <span class='ocr_line' id='line_1_9' title="bbox 280 573 638 614; baseline -0.008 -8"><span class='ocrx_word' id='word_1_28' title='bbox 280 574 445 614; x_wconf 81' lang='lat' dir='ltr'><strong>Expotivit</strong></span> <span class='ocrx_word' id='word_1_29' title='bbox 468 576 500 604; x_wconf 87' lang='lat' dir='ltr'><strong>et</strong></span> <span class='ocrx_word' id='word_1_30' title='bbox 521 573 638 604; x_wconf 81' lang='lat' dir='ltr'><strong>subivit</strong></span> 
     </span>
     <span class='ocr_line' id='line_1_10' title="bbox 327 622 632 653; baseline -0.003 0"><span class='ocrx_word' id='word_1_31' title='bbox 327 622 366 653; x_wconf 84' lang='grc'><strong>111</strong></span> <span class='ocrx_word' id='word_1_32' title='bbox 391 623 493 653; x_wconf 79' lang='lat' dir='ltr'><strong>aetate</strong></span> <span class='ocrx_word' id='word_1_33' title='bbox 513 622 632 652; x_wconf 81' lang='lat' dir='ltr'><strong>tenera.</strong></span> 
     </span>
    </p>
   </div>
   <div class='ocr_carea' id='block_1_5' title="bbox 894 280 1405 315">
    <p class='ocr_par' dir='ltr' id='par_1_7' title="bbox 894 280 1405 315">
     <span class='ocr_line' id='line_1_11' title="bbox 894 280 1405 315; baseline -0.01 0"><span class='ocrx_word' id='word_1_34' title='bbox 894 284 925 315; x_wconf 81' lang='lat'><strong>3.</strong></span> <span class='ocrx_word' id='word_1_35' title='bbox 950 282 1060 313; x_wconf 80' lang='lat' dir='ltr'><strong>Turba</strong></span> <span class='ocrx_word' id='word_1_36' title='bbox 1082 283 1188 313; x_wconf 73' lang='lat' dir='ltr'><strong>vatum</strong></span> <span class='ocrx_word' id='word_1_37' title='bbox 1212 280 1274 312; x_wconf 84' lang='lat' dir='ltr'><strong>Dei</strong></span> <span class='ocrx_word' id='word_1_38' title='bbox 1297 283 1405 312; x_wconf 80' lang='lat' dir='ltr'><strong>natum</strong></span> 
     </span>
    </p>
   </div>
   <div class='ocr_carea' id='block_1_6' title="bbox 953 327 1506 453">
    <p class='ocr_par' dir='ltr' id='par_1_8' title="bbox 953 327 1506 453">
     <span class='ocr_line' id='line_1_12' title="bbox 999 327 1318 366; baseline -0.006 -6"><span class='ocrx_word' id='word_1_39' title='bbox 999 327 1180 360; x_wconf 81' lang='lat' dir='ltr'><strong>Praeeinuit</strong></span> <span class='ocrx_word' id='word_1_40' title='bbox 1204 330 1318 366; x_wconf 73' lang='lat' dir='ltr'><strong>cetera,</strong></span> 
     </span>
     <span class='ocr_line' id='line_1_13' title="bbox 953 372 1506 413; baseline -0.005 -7"><span class='ocrx_word' id='word_1_41' title='bbox 953 375 1015 406; x_wconf 86' lang='lat' dir='ltr'><strong>Hie</strong></span> <span class='ocrx_word' id='word_1_42' title='bbox 1046 374 1234 406; x_wconf 85' lang='lat' dir='ltr'><strong>monstravit</strong></span> <span class='ocrx_word' id='word_1_43' title='bbox 1256 374 1378 413; x_wconf 84' lang='lat' dir='ltr'><strong>prolem</strong></span> <span class='ocrx_word' id='word_1_44' title='bbox 1402 372 1506 405; x_wconf 83' lang='lat' dir='ltr'><strong>David</strong></span> 
     </span>
     <span class='ocr_line' id='line_1_14' title="bbox 998 420 1357 453; baseline -0.006 0"><span class='ocrx_word' id='word_1_45' title='bbox 998 420 1203 453; x_wconf 86' lang='lat' dir='ltr'><strong>Auferentem</strong></span> <span class='ocrx_word' id='word_1_46' title='bbox 1228 420 1357 452; x_wconf 83' lang='lat' dir='ltr'><strong>seelera.</strong></span> 
     </span>
    </p>
   </div>
   <div class='ocr_carea' id='block_1_7' title="bbox 894 477 1343 511">
    <p class='ocr_par' dir='ltr' id='par_1_9' title="bbox 894 477 1343 511">
     <span class='ocr_line' id='line_1_15' title="bbox 894 477 1343 511; baseline -0.009 0"><span class='ocrx_word' id='word_1_47' title='bbox 894 480 927 511; x_wconf 84' lang='lat'><strong>4.</strong></span> <span class='ocrx_word' id='word_1_48' title='bbox 953 478 1015 510; x_wconf 87' lang='lat' dir='ltr'><strong>Sed</strong></span> <span class='ocrx_word' id='word_1_49' title='bbox 1038 478 1131 509; x_wconf 87' lang='lat' dir='ltr'><strong>istius</strong></span> <span class='ocrx_word' id='word_1_50' title='bbox 1156 479 1229 508; x_wconf 90' lang='grc'><strong>511111</strong></span> <span class='ocrx_word' id='word_1_51' title='bbox 1251 477 1343 508; x_wconf 88' lang='grc'><strong>11111115</strong></span> 
     </span>
    </p>
   </div>
   <div class='ocr_carea' id='block_1_8' title="bbox 951 525 1412 657">
    <p class='ocr_par' dir='ltr' id='par_1_10' title="bbox 951 525 1412 657">
     <span class='ocr_line' id='line_1_16' title="bbox 997 525 1387 562; baseline -0.005 -6"><span class='ocrx_word' id='word_1_52' title='bbox 997 525 1059 556; x_wconf 87' lang='grc' dir='ltr'><strong>Το1</strong></span> <span class='ocrx_word' id='word_1_53' title='bbox 1083 527 1114 555; x_wconf 84' lang='grc'><strong>61</strong></span> <span class='ocrx_word' id='word_1_54' title='bbox 1137 526 1226 555; x_wconf 77' lang='lat' dir='ltr'><strong>tanta</strong></span> <span class='ocrx_word' id='word_1_55' title='bbox 1249 532 1387 562; x_wconf 77' lang='lat' dir='ltr'><strong>munera,</strong></span> 
     </span>
     <span class='ocr_line' id='line_1_17' title="bbox 951 570 1412 610; baseline -0.002 -8"><span class='ocrx_word' id='word_1_56' title='bbox 951 571 996 603; x_wconf 86' lang='lat' dir='ltr'><strong>Ut</strong></span> <span class='ocrx_word' id='word_1_57' title='bbox 1019 570 1186 602; x_wconf 80' lang='lat' dir='ltr'>narrandis</span> <span class='ocrx_word' id='word_1_58' title='bbox 1217 570 1260 601; x_wconf 88' lang='lat' dir='ltr'><strong>eis</strong></span> <span class='ocrx_word' id='word_1_59' title='bbox 1284 570 1412 610; x_wconf 82' lang='lat' dir='ltr'><strong>grandis</strong></span> 
     </span>
     <span class='ocr_line' id='line_1_18' title="bbox 998 617 1371 657; baseline 0 -7"><span class='ocrx_word' id='word_1_60' title='bbox 998 617 1099 650; x_wconf 69' lang='lat' dir='ltr'><strong>Cedat</strong></span> <span class='ocrx_word' id='word_1_61' title='bbox 1120 617 1247 657; x_wconf 76' lang='lat' dir='ltr'><strong>linguae</strong></span> <span class='ocrx_word' id='word_1_62' title='bbox 1265 625 1371 656; x_wconf 78' lang='lat' dir='ltr'><strong>opera.</strong></span> 
     </span>
    </p>
   </div>
   <div class='ocr_carea' id='block_1_9' title="bbox 298 681 1066 721">
    <p class='ocr_par' dir='ltr' id='par_1_11' title="bbox 298 681 1066 721">
     <span class='ocr_line' id='line_1_19' title="bbox 298 681 1066 721; baseline -0.004 -9"><span class='ocrx_word' id='word_1_63' title='bbox 298 685 415 721; x_wconf 75' lang='lat' dir='ltr'><strong>Ant-iph.</strong></span> <span class='ocrx_word' id='word_1_64' title='bbox 434 693 488 712; x_wconf 84' lang='lat' dir='ltr'><strong>ms.</strong></span> <span class='ocrx_word' id='word_1_65' title='bbox 509 692 582 711; x_wconf 86' lang='lat' dir='ltr'><strong>saee.</strong></span> <span class='ocrx_word' id='word_1_66' title='bbox 605 681 647 711; x_wconf 84' lang='lat'><strong>13.</strong></span> <span class='ocrx_word' id='word_1_67' title='bbox 671 681 738 711; x_wconf 88' lang='lat' dir='ltr'><strong>Cod.</strong></span> <span class='ocrx_word' id='word_1_68' title='bbox 760 683 853 718; x_wconf 81' lang='lat' dir='ltr'><strong>Capit.</strong></span> <span class='ocrx_word' id='word_1_69' title='bbox 874 683 976 710; x_wconf 89' lang='grc'><strong>056611.</strong></span> <span class='ocrx_word' id='word_1_70' title='bbox 996 691 1018 710; x_wconf 91' lang='lat' dir='ltr'><strong>s.</strong></span> <span class='ocrx_word' id='word_1_71' title='bbox 1038 691 1066 709; x_wconf 87' lang='lat' dir='ltr'><strong>n.</strong></span> 
     </span>
    </p>
   </div>
   <div class='ocr_carea' id='block_1_10' title="bbox 547 780 1203 886">
    <p class='ocr_par' dir='ltr' id='par_1_12' title="bbox 547 780 1203 886">
     <span class='ocr_line' id='line_1_20' title="bbox 547 780 1203 822; baseline -0.005 -8"><span class='ocrx_word' id='word_1_72' title='bbox 547 783 608 814; x_wconf 84' lang='lat'>310.</span> <span class='ocrx_word' id='word_1_73' title='bbox 646 783 688 814; x_wconf 80' lang='lat' dir='ltr'><strong>De</strong></span> <span class='ocrx_word' id='word_1_74' title='bbox 707 782 813 815; x_wconf 72' lang='lat' dir='ltr'><strong>saneto</strong></span> <span class='ocrx_word' id='word_1_75' title='bbox 833 782 973 813; x_wconf 68' lang='lat' dir='ltr'><strong>«Iohanne</strong></span> <span class='ocrx_word' id='word_1_76' title='bbox 991 780 1203 822; x_wconf 79' lang='lat' dir='ltr'><strong>Evangelista.</strong></span> 
     </span>
     <span class='ocr_line' id='line_1_21' title="bbox 711 849 1020 886; baseline -0.003 -7"><span class='ocrx_word' id='word_1_77' title='bbox 711 850 760 879; x_wconf 89' lang='lat' dir='ltr'><strong>Ad</strong></span> <span class='ocrx_word' id='word_1_78' title='bbox 782 849 869 886; x_wconf 85' lang='lat' dir='ltr'><strong>Vesp.</strong></span> <span class='ocrx_word' id='word_1_79' title='bbox 890 852 919 879; x_wconf 82' lang='lat' dir='ltr'><strong>et</strong></span> <span class='ocrx_word' id='word_1_80' title='bbox 936 849 1020 878; x_wconf 85' lang='lat' dir='ltr'><strong>Noet.</strong></span> 
     </span>
    </p>
   </div>
   <div class='ocr_carea' id='block_1_11' title="bbox 227 916 747 1293">
    <p class='ocr_par' dir='ltr' id='par_1_13' title="bbox 227 916 707 1097">
     <span class='ocr_line' id='line_1_22' title="bbox 227 916 693 958; baseline 0 -9"><span class='ocrx_word' id='word_1_81' title='bbox 227 919 259 950; x_wconf 88' lang='grc'><strong>1.</strong></span> <span class='ocrx_word' id='word_1_82' title='bbox 283 918 406 950; x_wconf 81' lang='lat' dir='ltr'><strong>Devota</strong></span> <span class='ocrx_word' id='word_1_83' title='bbox 429 918 519 958; x_wconf 82' lang='lat' dir='ltr'>plebs</span> <span class='ocrx_word' id='word_1_84' title='bbox 543 916 693 957; x_wconf 87' lang='lat' dir='ltr'><strong>fidolium,</strong></span> 
     </span>
     <span class='ocr_line' id='line_1_23' title="bbox 286 963 647 1002; baseline -0.003 -6"><span class='ocrx_word' id='word_1_85' title='bbox 286 965 430 996; x_wconf 86' lang='lat' dir='ltr'><strong>Colamus</strong></span> <span class='ocrx_word' id='word_1_86' title='bbox 455 964 516 995; x_wconf 89' lang='lat' dir='ltr'><strong>Dei</strong></span> <span class='ocrx_word' id='word_1_87' title='bbox 539 963 647 1002; x_wconf 85' lang='lat' dir='ltr'><strong>filium,</strong></span> 
     </span>
     <span class='ocr_line' id='line_1_24' title="bbox 285 1011 688 1043; baseline 0.002 -1"><span class='ocrx_word' id='word_1_88' title='bbox 285 1011 439 1043; x_wconf 62' lang='lat' dir='ltr'><strong>{Iohannis</strong></span> <span class='ocrx_word' id='word_1_89' title='bbox 464 1019 540 1042; x_wconf 76' lang='lat' dir='ltr'><strong>vera</strong></span> <span class='ocrx_word' id='word_1_90' title='bbox 566 1012 688 1043; x_wconf 78' lang='lat' dir='ltr'><strong>cantica</strong></span> 
     </span>
     <span class='ocr_line' id='line_1_25' title="bbox 285 1057 707 1097; baseline 0 -8"><span class='ocrx_word' id='word_1_91' title='bbox 285 1058 394 1090; x_wconf 80' lang='lat' dir='ltr'><strong>Laude</strong></span> <span class='ocrx_word' id='word_1_92' title='bbox 420 1061 509 1090; x_wconf 78' lang='lat' dir='ltr'><strong>canat</strong></span> <span class='ocrx_word' id='word_1_93' title='bbox 534 1057 707 1097; x_wconf 80' lang='lat' dir='ltr'><strong>magnifica.</strong></span> 
     </span>
    </p>

    <p class='ocr_par' dir='ltr' id='par_1_14' title="bbox 228 1114 747 1293">
     <span class='ocr_line' id='line_1_26' title="bbox 228 1114 716 1154; baseline 0 -9"><span class='ocrx_word' id='word_1_94' title='bbox 228 1116 259 1145; x_wconf 72' lang='lat'><strong>2.</strong></span> <span class='ocrx_word' id='word_1_95' title='bbox 286 1114 343 1152; x_wconf 80' lang='lat' dir='ltr'><strong>Qui</strong></span> <span class='ocrx_word' id='word_1_96' title='bbox 367 1115 467 1154; x_wconf 82' lang='lat' dir='ltr'><strong>stirpe</strong></span> <span class='ocrx_word' id='word_1_97' title='bbox 492 1116 583 1145; x_wconf 79' lang='lat' dir='ltr'><strong>natus</strong></span> <span class='ocrx_word' id='word_1_98' title='bbox 608 1114 716 1153; x_wconf 89' lang='lat' dir='ltr'><strong>nobili,</strong></span> 
     </span>
     <span class='ocr_line' id='line_1_27' title="bbox 284 1160 647 1200; baseline 0 -9"><span class='ocrx_word' id='word_1_99' title='bbox 284 1160 380 1200; x_wconf 86' lang='lat' dir='ltr'><strong>Virgo</strong></span> <span class='ocrx_word' id='word_1_100' title='bbox 405 1162 471 1192; x_wconf 79' lang='lat' dir='ltr'><strong>vita</strong></span> <span class='ocrx_word' id='word_1_101' title='bbox 495 1160 647 1191; x_wconf 80' lang='lat' dir='ltr'>laudabili</span> 
     </span>
     <span class='ocr_line' id='line_1_28' title="bbox 282 1206 657 1239; baseline 0 -1"><span class='ocrx_word' id='word_1_102' title='bbox 282 1206 397 1238; x_wconf 83' lang='lat' dir='ltr'><strong>Mundi</strong></span> <span class='ocrx_word' id='word_1_103' title='bbox 422 1207 556 1239; x_wconf 81' lang='lat' dir='ltr'><strong>calcavit</strong></span> <span class='ocrx_word' id='word_1_104' title='bbox 580 1207 657 1238; x_wconf 78' lang='lat' dir='ltr'><strong>vitia</strong></span> 
     </span>
     <span class='ocr_line' id='line_1_29' title="bbox 285 1253 747 1293; baseline 0 -9"><span class='ocrx_word' id='word_1_105' title='bbox 285 1253 409 1284; x_wconf 81' lang='lat' dir='ltr'><strong>Patrem</strong></span> <span class='ocrx_word' id='word_1_106' title='bbox 434 1254 578 1293; x_wconf 87' lang='lat' dir='ltr'><strong>linquens</strong></span> <span class='ocrx_word' id='word_1_107' title='bbox 604 1256 635 1284; x_wconf 85' lang='grc'><strong>61</strong></span> <span class='ocrx_word' id='word_1_108' title='bbox 657 1254 747 1285; x_wconf 84' lang='lat' dir='ltr'><strong>retia.</strong></span> 
     </span>
    </p>
   </div>
   <div class='ocr_carea' id='block_1_12' title="bbox 228 1309 778 1487">
    <p class='ocr_par' dir='ltr' id='par_1_15' title="bbox 228 1309 778 1487">
     <span class='ocr_line' id='line_1_30' title="bbox 228 1309 778 1349; baseline -0.002 -8"><span class='ocrx_word' id='word_1_109' title='bbox 228 1310 259 1341; x_wconf 85' lang='lat'><strong>3.</strong></span> <span class='ocrx_word' id='word_1_110' title='bbox 284 1309 390 1340; x_wconf 80' lang='lat' dir='ltr'><strong>Jesum</strong></span> <span class='ocrx_word' id='word_1_111' title='bbox 415 1317 547 1347; x_wconf 83' lang='lat' dir='ltr'><strong>sequens</strong></span> <span class='ocrx_word' id='word_1_112' title='bbox 572 1318 640 1340; x_wconf 86' lang='lat' dir='ltr'><strong>eum</strong></span> <span class='ocrx_word' id='word_1_113' title='bbox 665 1310 778 1349; x_wconf 85' lang='lat' dir='ltr'><strong>gaudio</strong></span> 
     </span>
     <span class='ocr_line' id='line_1_31' title="bbox 284 1355 599 1395; baseline -0.006 -8"><span class='ocrx_word' id='word_1_114' title='bbox 284 1356 410 1387; x_wconf 85' lang='lat' dir='ltr'><strong>Amoris</strong></span> <span class='ocrx_word' id='word_1_115' title='bbox 435 1355 599 1395; x_wconf 81' lang='lat' dir='ltr'><strong>privilegio</strong></span> 
     </span>
     <span class='ocr_line' id='line_1_32' title="bbox 285 1402 635 1440; baseline -0.003 -7"><span class='ocrx_word' id='word_1_116' title='bbox 285 1402 437 1434; x_wconf 84' lang='lat' dir='ltr'><strong>Decorari</strong></span> <span class='ocrx_word' id='word_1_117' title='bbox 461 1402 635 1440; x_wconf 82' lang='lat' dir='ltr'>promeruit</span> 
     </span>
     <span class='ocr_line' id='line_1_33' title="bbox 287 1447 664 1487; baseline 0 -7"><span class='ocrx_word' id='word_1_118' title='bbox 287 1449 526 1487; x_wconf 85' lang='lat' dir='ltr'><strong>Virtutibusque</strong></span> <span class='ocrx_word' id='word_1_119' title='bbox 549 1447 664 1481; x_wconf 84' lang='lat' dir='ltr'><strong>floruit.</strong></span> 
     </span>
    </p>
   </div>
   <div class='ocr_carea' id='block_1_13' title="bbox 228 1505 705 1678">
    <p class='ocr_par' dir='ltr' id='par_1_16' title="bbox 228 1505 705 1678">
     <span class='ocr_line' id='line_1_34' title="bbox 228 1505 703 1537; baseline 0.004 -2"><span class='ocrx_word' id='word_1_120' title='bbox 228 1506 259 1536; x_wconf 88' lang='lat'><strong>4.</strong></span> <span class='ocrx_word' id='word_1_121' title='bbox 282 1505 345 1535; x_wconf 84' lang='lat' dir='ltr'><strong>Hic</strong></span> <span class='ocrx_word' id='word_1_122' title='bbox 368 1506 400 1536; x_wconf 89' lang='lat' dir='ltr'><strong>in</strong></span> <span class='ocrx_word' id='word_1_123' title='bbox 427 1512 523 1536; x_wconf 82' lang='lat' dir='ltr'><strong>coena</strong></span> <span class='ocrx_word' id='word_1_124' title='bbox 548 1505 703 1537; x_wconf 75' lang='lat' dir='ltr'><strong>dominica</strong></span> 
     </span>
     <span class='ocr_line' id='line_1_35' title="bbox 284 1551 626 1591; baseline 0 -9"><span class='ocrx_word' id='word_1_125' title='bbox 284 1552 419 1583; x_wconf 80' lang='lat' dir='ltr'><strong>Fluenta</strong></span> <span class='ocrx_word' id='word_1_126' title='bbox 446 1551 626 1591; x_wconf 79' lang='lat' dir='ltr'><strong>evangeliea</strong></span> 
     </span>
     <span class='ocr_line' id='line_1_36' title="bbox 284 1596 705 1638; baseline 0.002 -9"><span class='ocrx_word' id='word_1_127' title='bbox 284 1598 334 1629; x_wconf 93' lang='lat' dir='ltr'><strong>De</strong></span> <span class='ocrx_word' id='word_1_128' title='bbox 357 1607 448 1630; x_wconf 79' lang='lat' dir='ltr'><strong>sacro</strong></span> <span class='ocrx_word' id='word_1_129' title='bbox 473 1596 561 1629; x_wconf 88' lang='lat' dir='ltr'><strong>fonte</strong></span> <span class='ocrx_word' id='word_1_130' title='bbox 585 1599 705 1638; x_wconf 82' lang='lat' dir='ltr'><strong>gratiae</strong></span> 
     </span>
     <span class='ocr_line' id='line_1_37' title="bbox 285 1645 648 1678; baseline 0.003 -2"><span class='ocrx_word' id='word_1_131' title='bbox 285 1645 411 1676; x_wconf 82' lang='lat' dir='ltr'><strong>Potavit</strong></span> <span class='ocrx_word' id='word_1_132' title='bbox 434 1645 547 1676; x_wconf 86' lang='lat' dir='ltr'><strong>mentis</strong></span> <span class='ocrx_word' id='word_1_133' title='bbox 571 1645 648 1678; x_wconf 82' lang='lat' dir='ltr'><strong>acie.</strong></span> 
     </span>
    </p>
   </div>
   <div class='ocr_carea' id='block_1_14' title="bbox 896 916 1340 956">
    <p class='ocr_par' dir='ltr' id='par_1_17' title="bbox 896 916 1340 956">
     <span class='ocr_line' id='line_1_38' title="bbox 896 916 1340 956; baseline -0.007 -7"><span class='ocrx_word' id='word_1_134' title='bbox 896 920 926 950; x_wconf 87' lang='lat'><strong>5.</strong></span> <span class='ocrx_word' id='word_1_135' title='bbox 952 918 1054 956; x_wconf 85' lang='lat' dir='ltr'><strong>Hujus</strong></span> <span class='ocrx_word' id='word_1_136' title='bbox 1078 916 1174 949; x_wconf 88' lang='lat' dir='ltr'><strong>fontis</strong></span> <span class='ocrx_word' id='word_1_137' title='bbox 1198 916 1340 955; x_wconf 83' lang='lat' dir='ltr'><strong>potentia</strong></span> 
     </span>
    </p>
   </div>
   <div class='ocr_carea' id='block_1_15' title="bbox 951 963 1357 1089">
    <p class='ocr_par' dir='ltr' id='par_1_18' title="bbox 951 963 1357 1089">
     <span class='ocr_line' id='line_1_39' title="bbox 951 963 1324 1003; baseline -0.005 -8"><span class='ocrx_word' id='word_1_138' title='bbox 951 964 1103 1003; x_wconf 78' lang='lat' dir='ltr'><strong>Repletus</strong></span> <span class='ocrx_word' id='word_1_139' title='bbox 1129 966 1160 993; x_wconf 81' lang='lat' dir='ltr'><strong>et</strong></span> <span class='ocrx_word' id='word_1_140' title='bbox 1183 963 1324 1002; x_wconf 81' lang='lat' dir='ltr'><strong>scientia,</strong></span> 
     </span>
     <span class='ocr_line' id='line_1_40' title="bbox 954 1010 1303 1049; baseline -0.003 -8"><span class='ocrx_word' id='word_1_141' title='bbox 954 1011 1052 1042; x_wconf 82' lang='lat' dir='ltr'><strong>Verbi</strong></span> <span class='ocrx_word' id='word_1_142' title='bbox 1078 1010 1177 1042; x_wconf 82' lang='lat' dir='ltr'><strong>divini</strong></span> <span class='ocrx_word' id='word_1_143' title='bbox 1200 1010 1303 1049; x_wconf 77' lang='lat' dir='ltr'><strong>gratia</strong></span> 
     </span>
     <span class='ocr_line' id='line_1_41' title="bbox 954 1055 1357 1089; baseline 0.002 -1"><span class='ocrx_word' id='word_1_144' title='bbox 954 1058 1065 1089; x_wconf 82' lang='lat' dir='ltr'>Totam</span> <span class='ocrx_word' id='word_1_145' title='bbox 1091 1055 1214 1089; x_wconf 82' lang='lat' dir='ltr'><strong>diffudit</strong></span> <span class='ocrx_word' id='word_1_146' title='bbox 1238 1057 1357 1089; x_wconf 83' lang='lat' dir='ltr'><strong>Asiam.</strong></span> 
     </span>
    </p>
   </div>
   <div class='ocr_carea' id='block_1_16' title="bbox 922 1112 1373 1151">
    <p class='ocr_par' dir='ltr' id='par_1_19' title="bbox 922 1112 1373 1151">
     <span class='ocr_line' id='line_1_42' title="bbox 922 1112 1373 1151; baseline -0.009 -4"><span class='ocrx_word' id='word_1_147' title='bbox 922 1141 927 1147; x_wconf 78' lang='grc'><strong>.</strong></span> <span class='ocrx_word' id='word_1_148' title='bbox 953 1114 1037 1145; x_wconf 83' lang='grc'><strong>111116</strong></span> <span class='ocrx_word' id='word_1_149' title='bbox 1059 1113 1201 1146; x_wconf 82' lang='lat' dir='ltr'><strong>Christus</strong></span> <span class='ocrx_word' id='word_1_150' title='bbox 1226 1112 1373 1151; x_wconf 81' lang='lat' dir='ltr'><strong>apparuit</strong></span> 
     </span>
    </p>
   </div>
   <div class='ocr_carea' id='block_1_17' title="bbox 953 1159 1395 1285">
    <p class='ocr_par' dir='ltr' id='par_1_20' title="bbox 953 1159 1395 1285">
     <span class='ocr_line' id='line_1_43' title="bbox 953 1159 1304 1199; baseline -0.009 -7"><span class='ocrx_word' id='word_1_151' title='bbox 953 1160 1057 1199; x_wconf 85' lang='lat' dir='ltr'><strong>Eique</strong></span> <span class='ocrx_word' id='word_1_152' title='bbox 1081 1161 1162 1191; x_wconf 85' lang='lat' dir='ltr'><strong>diem</strong></span> <span class='ocrx_word' id='word_1_153' title='bbox 1189 1159 1304 1198; x_wconf 82' lang='lat' dir='ltr'><strong>docuit,</strong></span> 
     </span>
     <span class='ocr_line' id='line_1_44' title="bbox 955 1205 1379 1246; baseline -0.005 -8"><span class='ocrx_word' id='word_1_154' title='bbox 955 1206 1020 1244; x_wconf 80' lang='lat' dir='ltr'><strong>Quo</strong></span> <span class='ocrx_word' id='word_1_155' title='bbox 1042 1207 1144 1246; x_wconf 88' lang='lat' dir='ltr'><strong>ipsum</strong></span> <span class='ocrx_word' id='word_1_156' title='bbox 1168 1206 1208 1237; x_wconf 85' lang='lat' dir='ltr'><strong>ad</strong></span> <span class='ocrx_word' id='word_1_157' title='bbox 1235 1205 1379 1237; x_wconf 72' lang='lat' dir='ltr'><strong>convivia</strong></span> 
     </span>
     <span class='ocr_line' id='line_1_45' title="bbox 953 1252 1395 1285; baseline -0.002 0"><span class='ocrx_word' id='word_1_158' title='bbox 953 1254 1103 1285; x_wconf 81' lang='lat' dir='ltr'>Fratrum</span> <span class='ocrx_word' id='word_1_159' title='bbox 1127 1255 1255 1284; x_wconf 79' lang='lat' dir='ltr'><strong>voearet</strong></span> <span class='ocrx_word' id='word_1_160' title='bbox 1281 1252 1395 1285; x_wconf 77' lang='lat' dir='ltr'><strong>dulcia.</strong></span> 
     </span>
    </p>
   </div>
   <div class='ocr_carea' id='block_1_18' title="bbox 922 1309 1354 1347">
    <p class='ocr_par' dir='ltr' id='par_1_21' title="bbox 922 1309 1354 1347">
     <span class='ocr_line' id='line_1_46' title="bbox 922 1309 1354 1347; baseline -0.007 -6"><span class='ocrx_word' id='word_1_161' title='bbox 922 1334 929 1341; x_wconf 94' lang='lat'>.</span> <span class='ocrx_word' id='word_1_162' title='bbox 954 1309 1019 1347; x_wconf 81' lang='lat' dir='ltr'><strong>Quo</strong></span> <span class='ocrx_word' id='word_1_163' title='bbox 1045 1309 1096 1340; x_wconf 87' lang='lat' dir='ltr'><strong>die</strong></span> <span class='ocrx_word' id='word_1_164' title='bbox 1117 1311 1228 1340; x_wconf 81' lang='lat' dir='ltr'><strong>saneta.</strong></span> <span class='ocrx_word' id='word_1_165' title='bbox 1250 1309 1354 1339; x_wconf 81' lang='lat' dir='ltr'><strong>anima</strong></span> 
     </span>
    </p>
   </div>
   <div class='ocr_carea' id='block_1_19' title="bbox 955 1355 1402 1489">
    <p class='ocr_par' dir='ltr' id='par_1_22' title="bbox 955 1355 1402 1489">
     <span class='ocr_line' id='line_1_47' title="bbox 955 1355 1402 1387; baseline -0.002 -1"><span class='ocrx_word' id='word_1_166' title='bbox 955 1355 1054 1387; x_wconf 88' lang='lat' dir='ltr'><strong>Simul</strong></span> <span class='ocrx_word' id='word_1_167' title='bbox 1080 1364 1148 1386; x_wconf 85' lang='lat' dir='ltr'><strong>oum</strong></span> <span class='ocrx_word' id='word_1_168' title='bbox 1172 1355 1242 1386; x_wconf 84' lang='lat' dir='ltr'><strong>luce</strong></span> <span class='ocrx_word' id='word_1_169' title='bbox 1266 1355 1402 1387; x_wconf 78' lang='lat' dir='ltr'><strong>maxima</strong></span> 
     </span>
     <span class='ocr_line' id='line_1_48' title="bbox 957 1402 1315 1442; baseline 0 -9"><span class='ocrx_word' id='word_1_170' title='bbox 957 1402 1134 1442; x_wconf 81' lang='lat' dir='ltr'><strong>Suseipitur</strong></span> <span class='ocrx_word' id='word_1_171' title='bbox 1158 1402 1190 1432; x_wconf 88' lang='lat' dir='ltr'><strong>in</strong></span> <span class='ocrx_word' id='word_1_172' title='bbox 1214 1402 1315 1441; x_wconf 79' lang='lat' dir='ltr'><strong>gloria</strong></span> 
     </span>
     <span class='ocr_line' id='line_1_49' title="bbox 955 1448 1340 1489; baseline -0.008 -7"><span class='ocrx_word' id='word_1_173' title='bbox 955 1449 1041 1482; x_wconf 84' lang='lat' dir='ltr'><strong>Coeli</strong></span> <span class='ocrx_word' id='word_1_174' title='bbox 1065 1448 1221 1489; x_wconf 82' lang='lat' dir='ltr'>gaudente</span> <span class='ocrx_word' id='word_1_175' title='bbox 1245 1449 1340 1480; x_wconf 82' lang='lat' dir='ltr'><strong>curia.</strong></span> 
     </span>
    </p>
   </div>
   <div class='ocr_carea' id='block_1_20' title="bbox 922 1504 1403 1546">
    <p class='ocr_par' dir='ltr' id='par_1_23' title="bbox 922 1504 1403 1546">
     <span class='ocr_line' id='line_1_50' title="bbox 922 1504 1403 1546; baseline -0.004 -9"><span class='ocrx_word' id='word_1_176' title='bbox 922 1530 928 1537; x_wconf 95' lang='lat'><strong><em>.</em></strong></span> <span class='ocrx_word' id='word_1_177' title='bbox 954 1506 1093 1537; x_wconf 86' lang='lat' dir='ltr'><strong>Aeterno</strong></span> <span class='ocrx_word' id='word_1_178' title='bbox 1119 1505 1186 1537; x_wconf 81' lang='lat' dir='ltr'><strong>laus</strong></span> <span class='ocrx_word' id='word_1_179' title='bbox 1210 1505 1252 1535; x_wconf 82' lang='lat' dir='ltr'><strong>sit</strong></span> <span class='ocrx_word' id='word_1_180' title='bbox 1275 1504 1403 1546; x_wconf 83' lang='lat' dir='ltr'><strong>numiui,</strong></span> 
     </span>
    </p>
   </div>
   <div class='ocr_carea' id='block_1_21' title="bbox 954 1550 1388 1685">
    <p class='ocr_par' dir='ltr' id='par_1_24' title="bbox 954 1550 1388 1685">
     <span class='ocr_line' id='line_1_51' title="bbox 955 1550 1346 1590; baseline -0.008 -6"><span class='ocrx_word' id='word_1_181' title='bbox 955 1552 1045 1584; x_wconf 82' lang='lat' dir='ltr'><strong>Patri</strong></span> <span class='ocrx_word' id='word_1_182' title='bbox 1069 1555 1204 1590; x_wconf 79' lang='lat' dir='ltr'><strong>natoque</strong></span> <span class='ocrx_word' id='word_1_183' title='bbox 1227 1550 1346 1582; x_wconf 84' lang='lat' dir='ltr'><strong>flamini</strong></span> 
     </span>
     <span class='ocr_line' id='line_1_52' title="bbox 954 1598 1388 1639; baseline -0.002 -9"><span class='ocrx_word' id='word_1_184' title='bbox 954 1599 1079 1639; x_wconf 84' lang='lat' dir='ltr'><strong>Detque</strong></span> <span class='ocrx_word' id='word_1_185' title='bbox 1102 1598 1166 1630; x_wconf 90' lang='lat' dir='ltr'><strong>suis</strong></span> <span class='ocrx_word' id='word_1_186' title='bbox 1192 1598 1388 1631; x_wconf 70' lang='lat' dir='ltr'><strong>Christicolis</strong></span> 
     </span>
     <span class='ocr_line' id='line_1_53' title="bbox 955 1645 1379 1685; baseline -0.005 -8"><span class='ocrx_word' id='word_1_187' title='bbox 955 1646 1100 1685; x_wconf 83' lang='lat' dir='ltr'>Regnare</span> <span class='ocrx_word' id='word_1_188' title='bbox 1126 1653 1193 1675; x_wconf 88' lang='grc'><strong>611111</strong></span> <span class='ocrx_word' id='word_1_189' title='bbox 1219 1645 1379 1684; x_wconf 83' lang='lat' dir='ltr'><strong>apostolis.</strong></span> 
     </span>
    </p>
   </div>
   <div class='ocr_carea' id='block_1_22' title="bbox 229 1708 1512 1783">
    <p class='ocr_par' dir='ltr' id='par_1_25' title="bbox 229 1708 1512 1783">
     <span class='ocr_line' id='line_1_54' title="bbox 301 1708 1512 1745; baseline -0.002 -9"><span class='ocrx_word' id='word_1_190' title='bbox 301 1710 386 1736; x_wconf 80' lang='lat' dir='ltr'><strong>Brev.</strong></span> <span class='ocrx_word' id='word_1_191' title='bbox 412 1718 464 1737; x_wconf 85' lang='lat' dir='ltr'><strong>ms·</strong></span> <span class='ocrx_word' id='word_1_192' title='bbox 486 1709 737 1745; x_wconf 76' lang='lat' dir='ltr'><strong>Calagum-itanum</strong></span> <span class='ocrx_word' id='word_1_193' title='bbox 757 1718 831 1737; x_wconf 77' lang='lat' dir='ltr'><strong>saec.</strong></span> <span class='ocrx_word' id='word_1_194' title='bbox 853 1708 895 1737; x_wconf 86' lang='lat'><strong>15.</strong></span> <span class='ocrx_word' id='word_1_195' title='bbox 918 1710 985 1737; x_wconf 80' lang='lat' dir='ltr'><strong>Ood.</strong></span> <span class='ocrx_word' id='word_1_196' title='bbox 1006 1710 1210 1738; x_wconf 71' lang='lat' dir='ltr'><strong>Salmanticen.</strong></span> <span class='ocrx_word' id='word_1_197' title='bbox 1232 1708 1293 1737; x_wconf 72' lang='lat' dir='ltr'>Ibss.</span> <span class='ocrx_word' id='word_1_198' title='bbox 1313 1724 1351 1728; x_wconf 91' lang='lat'>—</span> <span class='ocrx_word' id='word_1_199' title='bbox 1370 1708 1396 1743; x_wconf 83' lang='lat'><strong>4,</strong></span> <span class='ocrx_word' id='word_1_200' title='bbox 1419 1708 1433 1736; x_wconf 90' lang='grc'><strong>1</strong></span> <span class='ocrx_word' id='word_1_201' title='bbox 1455 1709 1512 1737; x_wconf 72' lang='lat' dir='ltr'><strong>Sic.</strong></span> 
     </span>
     <span class='ocr_line' id='line_1_55' title="bbox 229 1745 1510 1783; baseline 0 -10"><span class='ocrx_word' id='word_1_202' title='bbox 229 1748 259 1773; x_wconf 87' lang='grc'><strong>111</strong></span> <span class='ocrx_word' id='word_1_203' title='bbox 278 1755 375 1774; x_wconf 66' lang='lat' dir='ltr'><strong>mena.</strong></span> <span class='ocrx_word' id='word_1_204' title='bbox 396 1762 433 1766; x_wconf 91' lang='lat'><strong>-—</strong></span> <span class='ocrx_word' id='word_1_205' title='bbox 451 1747 534 1775; x_wconf 73' lang='lat' dir='ltr'><strong>Naeh</strong></span> <span class='ocrx_word' id='word_1_206' title='bbox 554 1747 610 1774; x_wconf 79' lang='lat' dir='ltr'><strong>Str.</strong></span> <span class='ocrx_word' id='word_1_207' title='bbox 630 1745 648 1774; x_wconf 76' lang='grc'>3</span> <span class='ocrx_word' id='word_1_208' title='bbox 667 1748 740 1783; x_wconf 77' lang='lat' dir='ltr'><strong>folgt</strong></span> <span class='ocrx_word' id='word_1_209' title='bbox 758 1747 833 1776; x_wconf 83' lang='lat' dir='ltr'><strong>noch</strong></span> <span class='ocrx_word' id='word_1_210' title='bbox 854 1747 955 1775; x_wconf 83' lang='lat' dir='ltr'><strong>Gloria</strong></span> <span class='ocrx_word' id='word_1_211' title='bbox 974 1749 1030 1776; x_wconf 82' lang='lat' dir='ltr'><strong>tibi</strong></span> <span class='ocrx_word' id='word_1_212' title='bbox 1050 1748 1181 1781; x_wconf 84' lang='lat' dir='ltr'><strong>Domine,</strong></span> <span class='ocrx_word' id='word_1_213' title='bbox 1209 1747 1510 1783; x_wconf 77' lang='lat' dir='ltr'><strong>iiberfliissigerweise‚</strong></span> 
     </span>
    </p>
   </div>
   <div class='ocr_carea' id='block_1_23' title="bbox 227 1784 658 1819">
    <p class='ocr_par' dir='ltr' id='par_1_26' title="bbox 227 1784 658 1819">
     <span class='ocr_line' id='line_1_56' title="bbox 227 1784 658 1819; baseline 0 -9"><span class='ocrx_word' id='word_1_214' title='bbox 227 1784 264 1811; x_wconf 83' lang='lat' dir='ltr'><strong>da</strong></span> <span class='ocrx_word' id='word_1_215' title='bbox 282 1784 372 1811; x_wconf 83' lang='lat' dir='ltr'><strong>sehon</strong></span> <span class='ocrx_word' id='word_1_216' title='bbox 391 1784 409 1812; x_wconf 77' lang='lat'><em>8</em></span> <span class='ocrx_word' id='word_1_217' title='bbox 428 1785 592 1819; x_wconf 80' lang='lat' dir='ltr'><strong>Doxologie</strong></span> <span class='ocrx_word' id='word_1_218' title='bbox 610 1786 658 1812; x_wconf 87' lang='lat' dir='ltr'><strong>ist.</strong></span> 
     </span>
    </p>
   </div>
   <div class='ocr_carea' id='block_1_24' title="bbox 541 1884 1199 1982">
    <p class='ocr_par' dir='ltr' id='par_1_27' title="bbox 541 1884 1199 1982">
     <span class='ocr_line' id='line_1_57' title="bbox 541 1884 1199 1926; baseline 0 -11"><span class='ocrx_word' id='word_1_219' title='bbox 541 1884 595 1915; x_wconf 84' lang='lat'><strong>311.</strong></span> <span class='ocrx_word' id='word_1_220' title='bbox 635 1885 678 1916; x_wconf 82' lang='lat' dir='ltr'><strong>De</strong></span> <span class='ocrx_word' id='word_1_221' title='bbox 700 1888 806 1917; x_wconf 82' lang='lat' dir='ltr'><strong>saneto</strong></span> <span class='ocrx_word' id='word_1_222' title='bbox 826 1885 965 1917; x_wconf 81' lang='lat' dir='ltr'><strong>Johamie</strong></span> <span class='ocrx_word' id='word_1_223' title='bbox 983 1884 1199 1926; x_wconf 80' lang='lat' dir='ltr'><strong>Evangelista.</strong></span> 
     </span>
     <span class='ocr_line' id='line_1_58' title="bbox 773 1953 966 1982; baseline -0.005 0"><span class='ocrx_word' id='word_1_224' title='bbox 773 1953 821 1982; x_wconf 82' lang='lat' dir='ltr'><strong>Ad</strong></span> <span class='ocrx_word' id='word_1_225' title='bbox 838 1953 966 1982; x_wconf 73' lang='lat' dir='ltr'><strong>Laudes.</strong></span> 
     </span>
    </p>
   </div>
   <div class='ocr_carea' id='block_1_25' title="bbox 230 2018 726 2198">
    <p class='ocr_par' dir='ltr' id='par_1_28' title="bbox 230 2018 726 2198">
     <span class='ocr_line' id='line_1_59' title="bbox 230 2018 696 2060; baseline 0.002 -10"><span class='ocrx_word' id='word_1_226' title='bbox 230 2019 260 2050; x_wconf 92' lang='lat'><strong>1.</strong></span> <span class='ocrx_word' id='word_1_227' title='bbox 284 2018 369 2058; x_wconf 84' lang='lat' dir='ltr'><strong>Jesu‚</strong></span> <span class='ocrx_word' id='word_1_228' title='bbox 396 2027 510 2051; x_wconf 80' lang='lat' dir='ltr'><strong>corona</strong></span> <span class='ocrx_word' id='word_1_229' title='bbox 534 2020 696 2060; x_wconf 69' lang='lat' dir='ltr'><strong>virginum,</strong></span> 
     </span>
     <span class='ocr_line' id='line_1_60' title="bbox 287 2066 726 2110; baseline 0.005 -14"><span class='ocrx_word' id='word_1_230' title='bbox 287 2068 426 2097; x_wconf 76' lang='lat' dir='ltr'><strong>Aeterna</strong></span> <span class='ocrx_word' id='word_1_231' title='bbox 449 2066 534 2097; x_wconf 76' lang='lat' dir='ltr'><strong>salus</strong></span> <span class='ocrx_word' id='word_1_232' title='bbox 558 2066 726 2110; x_wconf 85' lang='lat' dir='ltr'><strong>hominum,</strong></span> 
     </span>
     <span class='ocr_line' id='line_1_61' title="bbox 286 2111 705 2146; baseline 0.005 -2"><span class='ocrx_word' id='word_1_233' title='bbox 286 2112 438 2144; x_wconf 71' lang='lat' dir='ltr'><strong>:Iohannis</strong></span> <span class='ocrx_word' id='word_1_234' title='bbox 463 2111 577 2143; x_wconf 83' lang='lat' dir='ltr'><strong>festum</strong></span> <span class='ocrx_word' id='word_1_235' title='bbox 603 2114 705 2146; x_wconf 83' lang='lat' dir='ltr'><strong>colere</strong></span> 
     </span>
     <span class='ocr_line' id='line_1_62' title="bbox 286 2158 687 2198; baseline 0.01 -9"><span class='ocrx_word' id='word_1_236' title='bbox 286 2158 337 2189; x_wconf 81' lang='lat' dir='ltr'><strong>Da</strong></span> <span class='ocrx_word' id='word_1_237' title='bbox 360 2159 450 2191; x_wconf 91' lang='lat' dir='ltr'><strong>nobis</strong></span> <span class='ocrx_word' id='word_1_238' title='bbox 473 2159 526 2198; x_wconf 89' lang='lat' dir='ltr'><strong>pio</strong></span> <span class='ocrx_word' id='word_1_239' title='bbox 550 2169 687 2194; x_wconf 86' lang='lat' dir='ltr'><strong>munere.</strong></span> 
     </span>
    </p>
   </div>
   <div class='ocr_carea' id='block_1_26' title="bbox 229 2214 732 2394">
    <p class='ocr_par' dir='ltr' id='par_1_29' title="bbox 229 2214 732 2394">
     <span class='ocr_line' id='line_1_63' title="bbox 229 2214 682 2255; baseline 0.007 -10"><span class='ocrx_word' id='word_1_240' title='bbox 229 2216 260 2246; x_wconf 85' lang='lat'><strong>2.</strong></span> <span class='ocrx_word' id='word_1_241' title='bbox 288 2214 346 2252; x_wconf 85' lang='lat' dir='ltr'><strong>Qui</strong></span> <span class='ocrx_word' id='word_1_242' title='bbox 370 2218 497 2247; x_wconf 80' lang='lat' dir='ltr'><strong>vocatus</strong></span> <span class='ocrx_word' id='word_1_243' title='bbox 522 2225 541 2247; x_wconf 84' lang='lat' dir='ltr'>a</span> <span class='ocrx_word' id='word_1_244' title='bbox 564 2217 682 2255; x_wconf 83' lang='lat' dir='ltr'><strong>nuptiis</strong></span> 
     </span>
     <span class='ocr_line' id='line_1_64' title="bbox 286 2260 719 2302; baseline 0.007 -10"><span class='ocrx_word' id='word_1_245' title='bbox 286 2260 407 2300; x_wconf 84' lang='lat' dir='ltr'><strong>Spretis</strong></span> <span class='ocrx_word' id='word_1_246' title='bbox 433 2263 536 2294; x_wconf 80' lang='lat' dir='ltr'><strong>carnis</strong></span> <span class='ocrx_word' id='word_1_247' title='bbox 560 2264 719 2302; x_wconf 78' lang='lat' dir='ltr'><strong>spurcitiis</strong></span> 
     </span>
     <span class='ocr_line' id='line_1_65' title="bbox 288 2308 732 2348; baseline 0.011 -10"><span class='ocrx_word' id='word_1_248' title='bbox 288 2308 334 2339; x_wconf 86' lang='lat' dir='ltr'><strong>Te</strong></span> <span class='ocrx_word' id='word_1_249' title='bbox 361 2317 485 2348; x_wconf 88' lang='lat' dir='ltr'><strong>semper</strong></span> <span class='ocrx_word' id='word_1_250' title='bbox 509 2318 604 2348; x_wconf 84' lang='lat' dir='ltr'><strong>super</strong></span> <span class='ocrx_word' id='word_1_251' title='bbox 628 2311 732 2343; x_wconf 77' lang='lat' dir='ltr'><strong>omnia</strong></span> 
     </span>
     <span class='ocr_line' id='line_1_66' title="bbox 288 2354 680 2394; baseline 0.013 -10"><span class='ocrx_word' id='word_1_252' title='bbox 288 2354 409 2386; x_wconf 77' lang='lat' dir='ltr'><strong>Dilexit</strong></span> <span class='ocrx_word' id='word_1_253' title='bbox 433 2359 463 2387; x_wconf 84' lang='lat' dir='ltr'><strong>et</strong></span> <span class='ocrx_word' id='word_1_254' title='bbox 487 2364 545 2394; x_wconf 87' lang='lat' dir='ltr'><strong>per</strong></span> <span class='ocrx_word' id='word_1_255' title='bbox 569 2358 680 2389; x_wconf 81' lang='lat' dir='ltr'><strong>omnia.</strong></span> 
     </span>
    </p>
   </div>
   <div class='ocr_carea' id='block_1_27' title="bbox 900 2021 1394 2054">
    <p class='ocr_par' dir='ltr' id='par_1_30' title="bbox 900 2021 1394 2054">
     <span class='ocr_line' id='line_1_67' title="bbox 900 2021 1394 2054; baseline -0.002 0"><span class='ocrx_word' id='word_1_256' title='bbox 900 2023 930 2054; x_wconf 86' lang='lat'><strong>3.</strong></span> <span class='ocrx_word' id='word_1_257' title='bbox 953 2021 1016 2052; x_wconf 86' lang='lat' dir='ltr'><strong>Hic</strong></span> <span class='ocrx_word' id='word_1_258' title='bbox 1038 2022 1071 2052; x_wconf 89' lang='lat' dir='ltr'><strong>in</strong></span> <span class='ocrx_word' id='word_1_259' title='bbox 1096 2022 1212 2053; x_wconf 81' lang='lat' dir='ltr'><strong>montis</strong></span> <span class='ocrx_word' id='word_1_260' title='bbox 1234 2022 1394 2053; x_wconf 79' lang='lat' dir='ltr'><strong>cacumine</strong></span> 
     </span>
    </p>
   </div>
   <div class='ocr_carea' id='block_1_28' title="bbox 954 2068 1420 2196">
    <p class='ocr_par' dir='ltr' id='par_1_31' title="bbox 954 2068 1420 2196">
     <span class='ocr_line' id='line_1_68' title="bbox 955 2068 1420 2101; baseline 0.004 -3"><span class='ocrx_word' id='word_1_261' title='bbox 955 2068 1002 2098; x_wconf 86' lang='lat' dir='ltr'><strong>Te</strong></span> <span class='ocrx_word' id='word_1_262' title='bbox 1025 2068 1132 2100; x_wconf 62' lang='lat' dir='ltr'><strong>«lesum</strong></span> <span class='ocrx_word' id='word_1_263' title='bbox 1159 2068 1277 2100; x_wconf 80' lang='lat' dir='ltr'><strong>clarum</strong></span> <span class='ocrx_word' id='word_1_264' title='bbox 1301 2069 1420 2101; x_wconf 87' lang='lat' dir='ltr'><strong>lumine</strong></span> 
     </span>
     <span class='ocr_line' id='line_1_69' title="bbox 954 2114 1312 2154; baseline 0 -8"><span class='ocrx_word' id='word_1_265' title='bbox 954 2115 1043 2146; x_wconf 84' lang='lat' dir='ltr'><strong>Vidit</strong></span> <span class='ocrx_word' id='word_1_266' title='bbox 1064 2115 1098 2146; x_wconf 89' lang='lat' dir='ltr'><strong>in</strong></span> <span class='ocrx_word' id='word_1_267' title='bbox 1123 2114 1181 2147; x_wconf 84' lang='lat' dir='ltr'><strong>Dei</strong></span> <span class='ocrx_word' id='word_1_268' title='bbox 1206 2116 1312 2154; x_wconf 88' lang='lat' dir='ltr'><strong>speeie</strong></span> 
     </span>
     <span class='ocr_line' id='line_1_70' title="bbox 956 2160 1360 2196; baseline 0.007 -4"><span class='ocrx_word' id='word_1_269' title='bbox 956 2160 1036 2192; x_wconf 85' lang='lat' dir='ltr'><strong>Diae</strong></span> <span class='ocrx_word' id='word_1_270' title='bbox 1058 2162 1139 2193; x_wconf 90' lang='lat' dir='ltr'><strong>dono</strong></span> <span class='ocrx_word' id='word_1_271' title='bbox 1165 2162 1360 2196; x_wconf 79' lang='lat' dir='ltr'><strong>elementiae.</strong></span> 
     </span>
    </p>
   </div>
   <div class='ocr_carea' id='block_1_29' title="bbox 924 2217 1336 2257">
    <p class='ocr_par' dir='ltr' id='par_1_32' title="bbox 924 2217 1336 2257">
     <span class='ocr_line' id='line_1_71' title="bbox 924 2217 1336 2257; baseline 0 -8"><span class='ocrx_word' id='word_1_272' title='bbox 924 2241 932 2249; x_wconf 91' lang='lat'><strong>.</strong></span> <span class='ocrx_word' id='word_1_273' title='bbox 958 2217 1004 2249; x_wconf 91' lang='lat' dir='ltr'><strong>Ob</strong></span> <span class='ocrx_word' id='word_1_274' title='bbox 1028 2217 1158 2249; x_wconf 82' lang='lat' dir='ltr'><strong>verbum</strong></span> <span class='ocrx_word' id='word_1_275' title='bbox 1182 2218 1336 2257; x_wconf 84' lang='lat' dir='ltr'><strong>evangelii</strong></span> 
     </span>
    </p>
   </div>
   <div class='ocr_carea' id='block_1_30' title="bbox 955 2264 1369 2398">
    <p class='ocr_par' dir='ltr' id='par_1_33' title="bbox 955 2264 1369 2398">
     <span class='ocr_line' id='line_1_72' title="bbox 955 2264 1269 2296; baseline 0 -1"><span class='ocrx_word' id='word_1_276' title='bbox 955 2264 1048 2295; x_wconf 91' lang='lat' dir='ltr'><strong>Dolio</strong></span> <span class='ocrx_word' id='word_1_277' title='bbox 1074 2265 1187 2296; x_wconf 88' lang='lat' dir='ltr'><strong>missus</strong></span> <span class='ocrx_word' id='word_1_278' title='bbox 1210 2265 1269 2296; x_wconf 86' lang='lat' dir='ltr'><strong>olei</strong></span> 
     </span>
     <span class='ocr_line' id='line_1_73' title="bbox 955 2311 1334 2350; baseline 0.003 -9"><span class='ocrx_word' id='word_1_279' title='bbox 955 2311 1134 2350; x_wconf 78' lang='lat' dir='ltr'><strong>Ferventis,</strong></span> <span class='ocrx_word' id='word_1_280' title='bbox 1159 2311 1235 2343; x_wconf 87' lang='lat' dir='ltr'><strong>inde</strong></span> <span class='ocrx_word' id='word_1_281' title='bbox 1257 2311 1334 2343; x_wconf 76' lang='lat' dir='ltr'><strong>exiit</strong></span> 
     </span>
     <span class='ocr_line' id='line_1_74' title="bbox 958 2358 1369 2398; baseline 0.002 -9"><span class='ocrx_word' id='word_1_282' title='bbox 958 2358 1100 2398; x_wconf 76' lang='lat' dir='ltr'><strong>Blaesus,</strong></span> <span class='ocrx_word' id='word_1_283' title='bbox 1126 2361 1162 2388; x_wconf 83' lang='lat' dir='ltr'><strong>ut</strong></span> <span class='ocrx_word' id='word_1_284' title='bbox 1186 2359 1369 2397; x_wconf 81' lang='lat' dir='ltr'><strong>promeruit.</strong></span> 
     </span>
    </p>
   </div>
  </div>
 </body>
</html>
