1651 2518
711 107 944 142 ...39—

389 202 421 234 2.
446 201 524 233 Dies
549 202 709 242 recolitur,
735 212 796 243 qua
818 203 894 234 urbs
919 202 1090 235 fortissima

450 248 500 279 De
524 258 618 281 manu
639 250 761 281 tollitur
783 249 865 282 Afra
890 251 1081 290 saevissima,

449 294 553 327 Datur
578 297 759 337 coniugibus
783 296 847 329 fide
871 298 1045 328 rectissima

497 343 629 375 Trinum
653 343 754 375 Deum
779 344 962 378 colentibus,

390 399 421 431 3.
447 399 523 431 Post
546 402 670 439 tempus
695 401 874 444 plurimum,
900 409 959 440 quo
984 399 1045 432 fuit
1068 401 1224 440 Hispania

450 445 604 486 Correpta
626 447 769 478 Arabum
793 447 863 478 fera
885 448 1022 489 vesania,

448 492 590 525 Tandem
614 494 682 525 vult
705 494 867 534 Dominus,
893 497 928 525 ut
951 495 1030 526 haec
1052 494 1176 526 insania

496 540 588 572 Vires
615 540 770 579 deperdat
792 541 946 581 protinus.

385 596 417 627 4.
442 595 489 627 Ut
512 596 557 627 ibi
580 596 689 628 rutilet
712 595 791 628 fides
818 597 972 628 catholica

449 642 579 682 Deoque
599 643 715 681 jubilet
738 644 828 683 plebs
854 644 1036 685 apostolica,

448 689 512 721 Ubi
536 692 702 728 tantopere
725 689 813 722 fraus
841 690 996 722 diabolica

494 737 604 776 Longo
629 738 772 776 regnavit
796 740 947 776 tempore.

385 792 418 824 5.
442 792 499 832 Te,
524 793 609 824 trina
634 792 736 824 deitas
760 801 894 833 unaque,
918 794 1088 835 poscimus,

448 838 501 870 Sic
525 842 558 870 tu
583 847 640 871 nos
663 840 767 879 visita,
793 840 874 871 sicut
898 842 930 871 te
955 841 1093 880 colimus,

448 886 511 917 Per
534 888 604 918 tuas
629 887 755 918 semitas
779 887 839 918 duc
862 895 929 927 nos,
956 896 1016 926 quo
1040 887 1208 927 tendimus,

494 933 547 964 Ad
569 934 681 975 lucem,
709 943 802 973 quam
826 933 994 966 inhabitas.

252 997 331 1026 Offic.
351 1006 404 1025 ms.
425 997 605 1025 Granatense
624 1006 698 1025 saec.
720 996 764 1025 15.
787 1006 828 1025 ex.
852 997 921 1025 Cod.
942 998 1034 1034 Capit.
1051 997 1276 1033 Compcstellani
1297 1016 1319 1025 ο.
1333 1007 1361 1025 n.
1379 1000 1413 1026 A.
1428 1012 1466 1017 —-

176 1035 259 1062 Brev.
281 1035 459 1063 Granatense
483 1037 550 1071 imp.
565 1036 711 1064 Granatae
738 1034 819 1063 1544.
838 1035 871 1062 B.
892 1050 927 1054 ——
949 1034 979 1069 2,
1006 1035 1021 1063 1
1043 1037 1094 1070 qui
1112 1036 1181 1063 urbs
1201 1037 1234 1063 B.
1254 1050 1292 1054 —
1311 1033 1340 1068 2,
1367 1034 1384 1062 2
1404 1039 1468 1063 atra

177 1074 349 1100 saevissima
375 1073 407 1101 B.
436 1087 474 1091 -—
501 1071 530 1107 2,
559 1071 576 1100 3
599 1073 694 1099 Datur
717 1073 899 1109 principibus
925 1074 961 1109 133
986 1074 1034 1100 die
1058 1073 1193 1109 conjuges
1221 1073 1286 1100 sind
1314 1073 1360 1100 die
1384 1082 1466 1110 roges

176 1110 312 1137 catholici
330 1110 496 1138 Ferdinand
515 1111 574 1138 und
593 1110 729 1137 Isabella.
751 1125 786 1129 —
807 1109 832 1143 3,
857 1109 871 1137 1
891 1111 948 1137 fuit
967 1111 1111 1145 einsilbig.

504 1201 551 1232 25.
589 1200 626 1232 In
644 1201 844 1232 Dedicatione
862 1201 950 1232 urbis
971 1201 1133 1232 Granatae.

725 1268 773 1297 Ad
788 1268 915 1297 Laudes.

174 1336 203 1368 1.
231 1335 370 1367 Verbum
394 1344 563 1374 supernum
591 1335 743 1367 dimicans
848 1338 878 1369 3.
906 1336 1003 1375 Quam
1028 1345 1123 1375 saepe
1147 1340 1241 1377 negat
1265 1336 1438 1380 Mahumet‚

229 1380 392 1414 Fernandi
416 1382 498 1422 regis
525 1383 663 1424 dextera,
903 1384 1041 1415 Arianus
1062 1384 1277 1424 stultissimus,

231 1428 389 1461 Granatae
411 1438 539 1469 regnum
565 1430 712 1461 vendicat
903 1430 1036 1461 Fatetur
1060 1433 1164 1461 tamen
1189 1431 1333 1470 ipsemet,

229 1476 385 1516 Vergente
408 1476 518 1508 mundi
543 1485 682 1515 vespere.
906 1477 994 1515 Quod
1017 1476 1108 1509 Jesus
1132 1476 1193 1508 fuit
1215 1477 1439 1510 sanctissimus.

172 1534 202 1566 2.
228 1533 267 1564 In
292 1541 351 1572 quo
373 1532 439 1572 jam
463 1532 558 1564 hodie
582 1533 744 1565 extollitur
848 1535 878 1566 4.
905 1533 977 1565 Non
1002 1533 1087 1572 capit
1110 1533 1166 1564 ille
1188 1534 1353 1572 insipiens.

228 1579 369 1611 Maxima
394 1579 482 1611 verbi
508 1580 653 1620 dignitas,
904 1581 993 1619 Quod
1018 1579 1078 1612 Dei
1103 1581 1329 1620 omnipotentia

232 1626 310 1658 Cum
335 1626 430 1658 corde
455 1629 487 1657 et
510 1636 564 1658 ore
589 1627 703 1658 colitur
904 1627 952 1659 Sit
976 1627 1132 1659 hominem
1156 1627 1329 1668 suscipiens

229 1673 315 1704 Vera
340 1674 407 1712 ejus
434 1673 592 1707 divinitas.
904 1673 1000 1706 Salva
1023 1674 1186 1713 utriusque
1211 1675 1357 1708 essentia.

566 1732 597 1762 5.
622 1729 706 1761 Laus
729 1730 796 1762 Deo
820 1730 910 1761 Patri
934 1733 966 1761 et
988 1730 1071 1762 Filio

623 1776 696 1808 Una
720 1786 790 1808 cum
814 1785 903 1808 sacro
927 1776 1063 1816 flamine,

622 1823 688 1861 Quo
714 1825 844 1856 verbum
870 1833 941 1855 caro
967 1823 1084 1856 factum
1109 1827 1158 1856 est

621 1870 673 1902 Ex
697 1871 821 1903 illibata
845 1871 976 1911 virgine=

246 1936 326 1965 offic.
345 1944 398 1964 ms.
420 1935 599 1963 Granatense
618 1944 692 1962 saec.
714 1934 749 1963 15
777 1945 819 1963 ex.
840 1935 909 1963 Ood.
930 1935 1023 1972 Capit.
1046 1936 1274 1973 Compostellani
1294 1947 1315 1965 s.
1334 1947 1361 1966 n.
1377 1939 1412 1967 A.
1426 1954 1463 1959 —

166 1975 251 2002 Brev.
272 1975 454 2003 Granatense
473 1974 540 2010 imp.
563 1974 709 2002 Granatae
729 1972 810 2001 1544.
830 1974 864 2001 B.
886 1989 920 1993 —
943 1973 967 2009 1,
990 1973 1004 2002 1
1025 1975 1080 2002 lies
1100 1975 1241 2003 dimicat?
1266 1990 1304 1994 ——
1322 1974 1348 2010 3,
1369 1976 1389 2004 4
1407 1978 1464 2005 fuit

168 2013 274 2040 wieder
293 2012 438 2047 einsilbig.

324 2104 371 2135 263.
411 2103 445 2135 In
465 2104 554 2136 Festo
573 2103 785 2136 Exaltationis
803 2102 890 2135 Fidei
909 2111 965 2134 seu
983 2103 1017 2135 in
1035 2104 1116 2135 festo
1138 2104 1305 2136 Granatae.

662 2172 696 2201 In
718 2172 806 2210 Vesp.
828 2175 858 2201 et
875 2171 969 2201 Laud.

166 2243 197 2275 1.
223 2243 260 2274 In
286 2243 407 2275 cantico
432 2242 572 2274 laetitiae
843 2243 874 2274 2.
899 2242 943 2273 Et
964 2242 1049 2274 orbis
1075 2243 1171 2274 cosmi
1192 2243 1315 2283 integer

220 2291 408 2330 Applaudat
432 2292 519 2322 terra
543 2290 669 2331 gaudio,
900 2289 1045 2321 Exsultet
1075 2293 1106 2321 et
1130 2291 1310 2333 salubriter,

224 2338 483 2371 Christicolarum
508 2339 610 2378 gloria
901 2336 1050 2369 Nostrum
1077 2338 1168 2370 clima
1192 2340 1362 2379 praecipue

222 2385 377 2417 Felicium
403 2386 527 2419 eximia.
901 2385 1039 2417 illiberis
1064 2386 1226 2420 solumine.
