1651 2518
655 89 906 124 -127——

467 181 528 213 197.
566 181 610 213 De
630 190 669 213 ss.
692 180 831 213 Facundo
852 183 883 212 et
904 179 1075 212 Primitivo.

654 248 702 278 Ad
720 248 750 278 N
751 251 908 279 octurnum.

135 318 165 350 1.
192 317 306 357 Surgat
332 316 431 349 omnis
456 318 496 349 ad
523 317 697 349 canendum

240 365 423 396 clericorum
451 364 568 403 concio,

195 411 293 443 Gesta
317 413 425 443 narret
450 413 481 442 et
502 410 676 450 triumphos

241 461 415 500 martyrum
439 458 626 500 laudabiles,

190 506 269 545 Quot
294 503 420 546 flagella
442 505 650 545 pertulerunt,

239 553 404 593 torsiones,
430 552 567 586 vincula.

134 611 165 642 2.
192 607 371 641 efferuntur·
397 609 438 641 ad
462 609 603 640 tribunal

242 655 399 694 praesidis
423 655 596 687 saevissimi

192 702 376 735 Primitivus
402 705 433 733 et
456 701 635 743 Facundus,

239 749 368 788 gloriosi
393 749 518 789 milites,

194 796 328 829 Unicum
354 795 455 827 Deum
480 794 615 828 fatentes

241 851 309 874 esse
334 842 492 876 Christum
513 842 699 882 principem.

134 900 165 932 3.
192 898 293 931 Jussit
316 899 388 930 illos
413 900 488 930 tunc
512 898 554 930 ad
579 907 671 930 auras

238 945 354 985 impius
379 946 582 987 suspendere,

191 993 332 1033 Torquet
354 1001 472 1033 ungues
497 995 529 1024 et
552 992 697 1032 lacertos,

238 1048 339 1078 crura,
365 1047 487 1078 nervos,
514 1039 645 1079 pollices

191 1086 235 1119 Et
259 1086 413 1118 medullas
438 1086 553 1118 ossium

239 1133 385 1173 reprimit
410 1132 588 1165 crudeliter.

811 318 841 351 4.

812 899 842 932 6.

869 315 940 348 Non
965 325 1058 355 rogus
1082 313 1214 347 nocebat
1240 312 1304 344 illis

915 371 973 395 nec
997 363 1111 394 olivum
1137 360 1304 399 fervidum,

869 410 1035 450 Intepebat
1058 409 1241 441 alterutrum

917 457 1047 497 lympha
1069 459 1227 495 ‘tamquam
1249 453 1377 495 frigida,

869 504 940 544 Pel,
966 507 1096 544 acetum,
1122 503 1191 534 calx
1215 501 1363 533 inardens

919 551 1009 583 dulce
1033 553 1140 582 nectar
1164 548 1317 589 praebuit.

871 606 1067 639 Auferuntur
1090 615 1110 638 a
1132 605 1277 645 malignis

917 655 1115 686 innocentum
1140 653 1267 692 lumina,

872 701 983 741 Terga,
1018 703 1130 741 costae,
1157 699 1305 739 membra,
1334 698 1427 737 visus,

920 750 1091 780 exuruntur
1111 751 1244 787 tergore,

868 795 913 827 Et
935 795 1045 826 madet
1070 803 1179 826 cruore
1203 793 1295 825 tellus

918 840 1065 873 effluente
1089 850 1107 872 a
1133 848 1273 880 corpore.

869 898 917 930 Sit
943 897 1011 930 Deo
1037 897 1119 929 trino
1144 898 1295 936 potestas,

910 944 1030 984 'perpes
1051 944 1107 975 uni
1131 944 1240 983 gloria,

867 992 964 1031 Quem
988 994 1120 1034 patrem,
1146 993 1253 1022 natum
1271 989 1427 1028 simulque

914 1047 1049 1078 pneuma
1072 1040 1214 1070 sanctum
1240 1036 1387 1076 percolis‚

867 1086 1045 1125 Martyrum
1071 1085 1183 1116 chorus
1206 1086 1357 1124 sacratus,

917 1132 1103 1165 candidatus
1128 1136 1286 1171 sanguine.

210 1198 295 1225 Brev.
316 1197 459 1225 Auriense
478 1198 546 1233 imp.
568 1197 764 1225 Salmantieae
787 1195 866 1225 1501.

411 1430 441 1462 1.

411 1629 430 1659 Ν)

413 2227 443 2258 ,εἴ

477 1292 538 1324 198.
578 1291 622 1324 De
643 1301 683 1324 ss.
703 1291 843 1324 Facundo
866 1293 897 1323 et
914 1291 1085 1324 Primitivo.

687 1360 734 1389 Ad
753 1358 879 1390 Laudes.

466 1427 629 1461 Laudibus
655 1430 805 1468 templum
829 1431 919 1460 sonet
939 1429 1106 1469 Aunense,

469 1475 558 1515 Quod
581 1476 667 1509 Deus
692 1476 819 1507 summis
843 1475 964 1507 meritis
991 1475 1128 1514 decorat,

468 1522 617 1563 Quodque
643 1523 787 1556 Facundi
810 1531 901 1554 sacra
923 1522 1080 1554 Primitivi

516 1569 655 1610 Corpora
680 1570 796 1602 condit.

434 1651 442 1658 .
469 1625 546 1658 Post
570 1635 665 1667 genus
691 1635 810 1666 poenae
832 1627 951 1658 varium
975 1625 1136 1657 nudantur

468 1673 607 1714 Tergore
630 1673 767 1705 athletae
793 1675 824 1704 et
844 1673 1029 1713 jugulantur
1053 1672 1137 1711 almi,

469 1720 574 1752 Morte
597 1721 648 1759 qui
671 1721 768 1752 vitam
795 1721 922 1759 capiunt
944 1728 1114 1759 perennem

518 1768 658 1799 Aethere
682 1767 777 1799 claro.

472 1823 558 1856 Ecce
582 1824 706 1865 gavisus
731 1823 843 1856 animis
867 1822 968 1855 beatis

469 1871 567 1903 Totus
592 1871 730 1903 occurrit
754 1871 865 1903 chorus
891 1872 1082 1914 angelorum,

469 1918 648 1958 Martyrum
673 1921 779 1951 coetus
804 1918 971 1958 superique
996 1918 1099 1950 cuncti

519 1966 648 1999 Cantica
671 1966 821 2006 psallunt.

471 2025 495 2057 O
522 2023 582 2056 viri
607 2024 718 2064 sancti,
744 2024 855 2055 merito
883 2023 1024 2063 canendi,

468 2072 578 2112 Regna
603 2080 679 2111 quos
705 2071 784 2103 coeli
808 2071 945 2102 retinent
969 2078 1104 2112 securos,

471 2118 534 2151 Vos
557 2127 668 2159 preces
694 2118 819 2152 Christo
841 2118 960 2157 jugiter
982 2126 1042 2158 pro
1067 2117 1157 2151 nobis

517 2166 656 2199 Fundite
681 2168 812 2199 vestras

469 2223 515 2257 Ut
539 2222 633 2256 fidem
659 2225 799 2255 sanctam
825 2221 926 2253 solide
949 2223 1090 2254 tenentes

469 2271 536 2304 Nos
559 2271 628 2303 Deo
653 2279 778 2310 semper
801 2268 989 2301 famulemur
1014 2278 1119 2302 ornnes

471 2322 578 2359 Atque
600 2321 673 2359 post
695 2321 830 2350 mortem
853 2325 1028 2349 mereamur
1051 2321 1169 2351 astrum

520 2366 680 2400 Scandere
702 2367 738 2398 in
761 2365 870 2399 altum.
