1651 2518
646 85 904 121 —253—

408 186 441 218 4,
466 183 576 215 Nescit
600 183 651 215 hic
675 182 790 215 nostris
815 181 952 214 lacrimis
977 190 1101 221 negare,

468 231 563 262 Peste
587 229 722 262 contacti
745 231 782 261 ut
804 228 996 262 redimamur
1020 237 1136 269 omues,

466 276 567 315 Saepe
590 285 651 309 non
674 284 790 318 paucos
815 275 962 309 liberavit
984 275 1054 316 ipse

513 324 623 357 Clarus
647 324 680 355 in
705 323 791 355 orbe.

409 400 440 432 5.
465 398 559 430 Nunc
582 407 693 438 preces
716 399 841 431 nostras
865 398 999 430 humiles
1023 406 1170 431 canamus

465 445 612 485 Martyri‚
639 448 673 477 ut
699 449 802 477 custos
824 445 948 477 miseris
973 448 1114 485 reportet

463 492 514 524 Ex
540 492 619 531 Deo,
644 492 753 525 morbo
780 500 939 525 careamus
963 493 1028 525 ullo

511 539 626 572 Mortis
652 540 794 572 acerbae.

409 616 443 649 6.
466 615 512 646 Et
534 614 586 654 pio
611 616 678 655 regi
702 616 823 654 pariter
847 615 979 647 reducat

466 661 586 702 Corpus
610 664 642 693 et
665 665 800 694 mentem
824 662 1018 703 gemitusque
1042 664 1174 706 nostros,

463 709 513 741 Ne
537 709 620 741 sinat
644 712 779 742 maestas
805 710 924 741 animas
949 710 1064 749 perire,

512 756 594 796 Quas
619 758 790 797 reparavit.

408 834 437 865 7.
463 832 527 865 Sed
550 832 613 864 reis
638 834 778 871 praestet
807 832 931 864 veniam
953 834 1058 864 reatus

462 879 639 911 Retrahens
660 880 771 911 mundi
794 881 878 912 mala
903 880 1017 912 damna
1041 880 1141 920 nobis,

465 927 573 966 thue
597 928 669 966 post
693 926 789 958 vitam
812 928 974 959 videamus
999 927 1102 967 ipsum

512 973 648 1005 Lumine
670 973 809 1013 plenum.

408 1050 440 1082 8.
467 1047 516 1080 Sit
539 1047 607 1080 Deo
628 1048 713 1087 patri
737 1048 849 1081 merito
874 1051 1024 1092 potestas,

466 1095 630 1127 Pneumati
651 1104 775 1134 semper
801 1095 895 1128 decus
921 1099 1014 1135 atque
1039 1100 1121 1130 nato„

464 1141 604 1182 Martyri
629 1141 748 1174 Christi
771 1144 895 1182 requies
918 1143 1012 1175 beata

517 1188 671 1229 Tempore
692 1190 724 1220 in
750 1190 843 1222 omni.

209 1271 307 1300 Aurea
331 1271 504 1306 hymnorum
527 1273 617 1300 totius
638 1274 707 1300 anni
728 1273 869 1309 expositio
889 1274 958 1309 imp.
980 1282 1002 1300 s.
1023 1274 1042 1301 1.
1064 1276 1092 1300 et
1111 1281 1136 1301 a.
1158 1288 1194 1292 —
1216 1274 1312 1309 „Patri
1332 1272 1432 1302 Nufiez

135 1310 268 1346 Delgado
288 1310 451 1346 presbyteri
470 1309 595 1344 hymnus
615 1311 743 1338 carmine
762 1309 927 1346 sa1>phico.“
950 1324 987 1330 —
1006 1310 1033 1345 7,
1056 1309 1071 1338 1
1091 1311 1208 1338 veniam
1227 1313 1344 1339 renatis.

554 1475 618 1507 441.
652 1475 696 1507 De
715 1475 820 1506 sancto
841 1475 1031 1507 Sebastiano.

414 1555 445 1587 1.
470 1554 596 1593 Martyr
621 1563 639 1585 o
665 1554 785 1587 Christi
810 1554 997 1594 Dominique
1020 1554 1081 1586 tiro

469 1601 513 1632 Et
537 1609 634 1641 sagax
658 1601 778 1633 athleta
803 1600 996 1641 sebastiane,

471 1648 530 1687 Qui
553 1647 615 1679 Dei
639 1657 751 1687 passus
775 1648 917 1680 meruisti
941 1657 1047 1680 amore

514 1696 658 1727 Pandere
683 1695 795 1729 coelos,

410 1772 441 1802 2.
467 1769 551 1801 Dum
575 1769 639 1802 fide
662 1772 787 1802 sanctos
811 1769 891 1802 bene
914 1770 1070 1803 roborasti

465 1816 600 1858 Flagrat
624 1819 655 1848 et
680 1817 837 1850 Christum
862 1816 951 1849 furor
974 1817 1165 1857 insequentis

471 1864 533 1896 Ore
558 1864 679 1897 crudeli
702 1864 815 1897 rabido
840 1864 966 1904 tyranni

518 1912 564 1944 Te
588 1920 665 1943 nece
691 1912 827 1944 damnat.

414 1990 445 2021 3.
474 1986 595 2027 Corpus
621 1986 758 2019 adfixum
784 1986 865 2019 silici
890 1987 1011 2027 sagitt-is

467 2035 588 2075 Impius
613 2035 712 2067 tradit
736 2034 961 2075 Diocletianus,

469 2082 515 2114 Te
540 2082 650 2115 videns
676 2082 749 2114 aula
772 2084 868 2121 pavet
892 2082 1109 2114 admonentem

516 2130 673 2171 Dogmata
698 2129 826 2162 Christi.

413 2209 443 2240 4.
469 2206 529 2238 Ille
554 2204 688 2246 fustigat
712 2213 804 2237 sacra
828 2204 970 2238 membra
994 2214 1113 2247 rursus,

472 2254 525 2287 Sic
548 2253 617 2286 Deo
643 2252 722 2285 felix
747 2253 882 2285 animam
909 2253 1035 2293 dedisti,

465 2302 528 2335 Est
552 2301 657 2333 choris
681 2300 784 2341 laet-is,
809 2300 864 2332 ubi
887 2302 955 2333 tota
978 2304 1070 2341 septa

513 2349 650 2382 Numine
679 2349 760 2382 divo.
