1651 2518
684 102 917 140 —73—

603 196 651 227 94.
690 196 733 228 De
753 197 858 228 sancto
881 195 1011 228 Andrea.

687 258 735 288 Ad
748 258 934 289 Nocturnum.

166 330 198 363 1.
224 328 372 360 Andreae
396 326 510 359 festum
534 327 634 359 incliti
837 330 869 361 3.
896 327 1046 360 coelestis
1070 326 1159 358 verbi
1183 326 1302 358 semina

223 375 343 407 Cuncta
365 383 423 415 per
447 375 532 406 orbis
558 375 684 406 climata
894 375 1035 406 Achaiae
1057 382 1115 413 per
1137 374 1270 413 populos

225 421 345 454 Ganoro
370 422 497 454 laudum
524 422 660 453 carmine
896 421 1051 461 Spargens
1077 421 1116 452 ad
1143 420 1257 453 Christi
1279 419 1412 460 gratiam

222 469 379 501 Decantet
401 478 484 500 nunc
508 468 650 501 ecclesia.
898 467 1030 499 Gentem
1053 468 1152 499 traxit
1170 469 1374 499 innumeram.

167 528 198 559 2.
224 526 447 565 Apostolorum
471 525 624 564 principis
838 527 869 558 4.
894 525 1020 565 Aegeae
1045 524 1134 563 jussu
1158 522 1284 555 funibus

223 573 370 604 Andreas
394 571 494 603 frater
519 572 647 612 exstitit,
895 571 1044 603 Adnexus
1070 572 1155 602 cruci
1178 570 1274 602 biduo

227 620 294 658 1psi
320 619 501 657 conjunctus
526 620 676 658 sanguine
893 617 1005 650 Fidem
1032 618 1123 649 docet
1150 626 1187 649 ac
1211 617 1379 657 splendida

224 668 274 697 Ac
297 666 451 705 passionis
475 673 598 707 genere.
898 664 974 697 Cum
997 666 1067 696 luce
1090 664 1214 697 scandit
1237 665 1373 696 aethera.

559 722 590 755 5.
616 722 754 754 Acterno
779 723 862 761 patri
887 722 988 761 gloria

615 769 754 808 Ejusque
777 769 873 801 verbo
898 770 1001 808 genito

616 815 693 847 Cum
715 816 907 854 procedente
930 814 1057 847 flamine

617 862 655 893 In
676 863 866 901 sempiterna
890 863 1023 893 saecula.

241 927 325 954 Brev.
345 926 492 954 Abulense
512 928 580 961 imp.
601 925 795 953 Salmanticae
820 924 901 954 1551.

613 1031 657 1061 95.
696 1029 738 1061 De
760 1031 865 1062 sancto
881 1030 1014 1061 Andrea.

660 1098 694 1126 ln
714 1097 802 1134 Vesp.
823 1101 853 1126 et
871 1097 963 1126 Laud.

170 1168 196 1199 1.
224 1166 373 1198 Exsultet
398 1167 516 1198 coelum
540 1166 697 1205 laudibus,
839 1168 870 1199 3.
895 1166 957 1197 Hic
981 1167 1100 1205 primus
1125 1167 1219 1199 Petro
1250 1167 1381 1205 nuntiat,

224 1214 408 1253 Applaudat
431 1214 516 1244 orbis
537 1213 665 1254 jubilus,
894 1213 1002 1252 lpsum
1026 1213 1148 1244 venisse
1171 1213 1330 1253 Messiam,

222 1260 298 1292 Dies
325 1260 456 1292 celebris
481 1260 629 1292 Andreae
895 1259 1051 1292 Christum
1075 1263 1238 1292 vocantem
1262 1260 1436 1300 promptior

222 1307 343 1339 Mundo
370 1311 522 1347 coruscat,
547 1307 707 1346 plaudite!
893 1306 975 1338 Navi
998 1307 1110 1338 relicta
1133 1307 1283 1347 sequitur.

165 1366 195 1395 2.
221 1363 379 1395 Johannes
404 1363 476 1394 huic
500 1363 681 1395 ostenderat
834 1366 865 1396 4.
894 1363 976 1395 Hinc
999 1363 1062 1394 luci
1085 1363 1260 1394 adhaerem,
1283 1363 1434 1394 luminum

221 1409 366 1449 Baptista
390 1410 486 1441 solem
512 1408 634 1449 lucifer,
892 1409 1011 1441 Lumen
1035 1408 1072 1440 fit
1096 1410 1181 1442 orbis
1205 1408 1369 1449 fulgidum.

221 1456 344 1488 Primus
368 1457 428 1497 piis
454 1457 527 1488 hinc
550 1457 708 1496 gressibus
893 1456 1035 1488 Piscator
1059 1459 1107 1487 est
1130 1458 1201 1489 hinc
1226 1457 1359 1495 piscium

222 1503 314 1535 Vitae
339 1505 449 1536 ducem
469 1506 592 1535 secutus
618 1507 674 1536 est.
892 1503 1008 1535 Factus
1033 1504 1172 1544 piscator
1196 1503 1364 1536 hominum.

557 1562 587 1592 5.
613 1560 680 1592 Deo
704 1561 789 1600 patri
812 1561 854 1591 sit
876 1560 985 1600 gloria,

612 1608 694 1639 Nato
723 1616 873 1647 sacroque
896 1605 1024 1649 flamini,

611 1655 658 1686 Ut
683 1656 758 1686 dent
779 1655 929 1686 Andreae
952 1654 1098 1694 precibus

611 1701 711 1733 Nobis
737 1699 800 1732 frui
825 1701 1020 1735 coelestibus

236 1767 319 1794 Brev.
339 1765 526 1794 Valentinum
546 1766 614 1801 imp.
634 1766 787 1793 Valentiae
808 1764 888 1794 1533.

607 1871 652 1902 96.
691 1872 734 1903 De
747 1872 853 1903 sancto
872 1871 1003 1903 Andrea.

675 1938 723 1969 Ad
742 1938 930 1969 Nocturnum.

160 2014 190 2046 1.
217 2013 357 2045 Aeterna
382 2010 500 2043 Christi
523 2018 662 2051 munera,
831 2011 861 2043 3.
890 2009 972 2041 Hinc
995 2009 1155 2049 conjugem
1178 2010 1383 2050 proconsulis,

217 2060 340 2092 Collata
365 2059 458 2090 coelis
483 2053 640 2097 Andreae,
889 2056 993 2089 Urbes
1018 2057 1157 2089 Achaiae
1178 2060 1209 2089 et
1233 2058 1350 2096 oppida

216 2106 328 2147 Spreto
354 2105 451 2139 cubili
474 2106 585 2146 vigiles
889 2105 970 2144 Jugo
995 2105 1118 2144 subegit
1141 2103 1226 2145 fidei,

213 2154 313 2188 Laeto
339 2163 486 2186 canamus
511 2155 648 2193 pectore.
890 2150 1016 2184 Servire
1042 2150 1165 2184 Christo
1192 2152 1350 2191 compulit.

157 2214 187 2246 2.
214 2211 297 2244 Navi
322 2212 434 2243 relicta
459 2213 490 2242 et
514 2209 667 2250 omnibus,
831 2210 863 2241 4.
889 2208 926 2240 In
952 2217 1043 2240 cruce
1065 2209 1207 2247 pendens
1231 2208 1326 2241 biduo

213 2259 303 2291 Votis
327 2258 464 2291 habendi
489 2261 521 2289 et
540 2257 669 2296 retibus,
889 2256 1005 2287 Beatus
1031 2255 1187 2289 Christum
1212 2256 1385 2297 praedicat,

217 2306 376 2340 Christum
401 2309 524 2337 secutus
550 2306 696 2338 Andreas
889 2303 1055 2344 Multoque
1079 2306 1185 2343 septus
1210 2304 1325 2336 lumine

213 2355 338 2395 Pauper
359 2354 449 2395 polos
476 2354 615 2385 lucratus
641 2356 697 2386 est.
886 2350 1017 2384 Scandit
1039 2351 1236 2392 triumphans
1260 2352 1397 2385 aethera.
