<?xml version="1.0" encoding="UTF-8"?>
<!DOCTYPE html PUBLIC "-//W3C//DTD XHTML 1.0 Transitional//EN"
    "http://www.w3.org/TR/xhtml1/DTD/xhtml1-transitional.dtd">
<html xmlns="http://www.w3.org/1999/xhtml" xml:lang="en" lang="en">
 <head>
  <title>
</title>
<meta http-equiv="Content-Type" content="text/html;charset=utf-8" />
  <meta name='ocr-system' content='tesseract 3.04.00' />
  <meta name='ocr-capabilities' content='ocr_page ocr_carea ocr_par ocr_line ocrx_word'/>
</head>
<body>
  <div class='ocr_page' id='page_1' title='image "./analectahymnica16drevuoft_00207.png"; bbox 0 0 1651 2518; ppageno 0'>
   <div class='ocr_carea' id='block_1_1' title="bbox 693 87 947 123">
    <p class='ocr_par' dir='ltr' id='par_1_1' title="bbox 693 87 947 123">
     <span class='ocr_line' id='line_1_1' title="bbox 693 87 947 123; baseline -0.004 0"><span class='ocrx_word' id='word_1_1' title='bbox 693 87 947 123; x_wconf 81' lang='lat'>—204-</span> 
     </span>
    </p>
   </div>
   <div class='ocr_carea' id='block_1_2' title="bbox 256 182 1469 424">
    <p class='ocr_par' dir='ltr' id='par_1_2' title="bbox 256 182 1469 424">
     <span class='ocr_line' id='line_1_2' title="bbox 571 182 1029 224; baseline -0.011 -7"><span class='ocrx_word' id='word_1_2' title='bbox 571 187 600 219; x_wconf 81' lang='lat'>7,</span> <span class='ocrx_word' id='word_1_3' title='bbox 627 185 705 224; x_wconf 84' lang='lat' dir='ltr'>Regi</span> <span class='ocrx_word' id='word_1_4' title='bbox 730 183 886 215; x_wconf 83' lang='lat' dir='ltr'>coelorum</span> <span class='ocrx_word' id='word_1_5' title='bbox 910 182 1029 220; x_wconf 89' lang='lat' dir='ltr'>inclito,</span> 
     </span>
     <span class='ocr_line' id='line_1_3' title="bbox 629 229 1017 270; baseline -0.008 -8"><span class='ocrx_word' id='word_1_6' title='bbox 629 229 727 270; x_wconf 86' lang='lat' dir='ltr'>Patri,</span> <span class='ocrx_word' id='word_1_7' title='bbox 754 232 838 270; x_wconf 82' lang='lat' dir='ltr'>nato,</span> <span class='ocrx_word' id='word_1_8' title='bbox 863 229 1017 268; x_wconf 82' lang='lat' dir='ltr'>paraclito</span> 
     </span>
     <span class='ocr_line' id='line_1_4' title="bbox 627 275 1032 314; baseline -0.007 -5"><span class='ocrx_word' id='word_1_9' title='bbox 627 277 676 310; x_wconf 86' lang='lat' dir='ltr'>Sit</span> <span class='ocrx_word' id='word_1_10' title='bbox 698 278 766 308; x_wconf 83' lang='lat' dir='ltr'>laus</span> <span class='ocrx_word' id='word_1_11' title='bbox 792 279 823 307; x_wconf 88' lang='lat' dir='ltr'>et</span> <span class='ocrx_word' id='word_1_12' title='bbox 846 275 1032 314; x_wconf 79' lang='lat' dir='ltr'>benedictio,</span> 
     </span>
     <span class='ocr_line' id='line_1_5' title="bbox 629 323 911 356; baseline -0.011 0"><span class='ocrx_word' id='word_1_13' title='bbox 629 325 696 356; x_wconf 89' lang='lat' dir='ltr'>Deo</span> <span class='ocrx_word' id='word_1_14' title='bbox 721 324 789 355; x_wconf 89' lang='lat' dir='ltr'>sine</span> <span class='ocrx_word' id='word_1_15' title='bbox 812 323 911 354; x_wconf 90' lang='lat' dir='ltr'>initio.</span> 
     </span>
     <span class='ocr_line' id='line_1_6' title="bbox 256 382 1469 424; baseline -0.009 -7"><span class='ocrx_word' id='word_1_16' title='bbox 256 390 339 417; x_wconf 78' lang='lat' dir='ltr'>Brev.</span> <span class='ocrx_word' id='word_1_17' title='bbox 360 398 411 417; x_wconf 89' lang='lat' dir='ltr'>ms.</span> <span class='ocrx_word' id='word_1_18' title='bbox 434 388 683 424; x_wconf 73' lang='lat' dir='ltr'>Calagum-itanum</span> <span class='ocrx_word' id='word_1_19' title='bbox 709 394 785 414; x_wconf 81' lang='lat' dir='ltr'>saec.</span> <span class='ocrx_word' id='word_1_20' title='bbox 805 384 849 413; x_wconf 84' lang='lat'>15.</span> <span class='ocrx_word' id='word_1_21' title='bbox 872 384 939 412; x_wconf 77' lang='lat' dir='ltr'>CocT.</span> <span class='ocrx_word' id='word_1_22' title='bbox 961 384 1165 412; x_wconf 78' lang='lat' dir='ltr'>Salmanticen.</span> <span class='ocrx_word' id='word_1_23' title='bbox 1192 382 1254 411; x_wconf 76' lang='lat'>186.</span> <span class='ocrx_word' id='word_1_24' title='bbox 1275 384 1308 411; x_wconf 83' lang='grc' dir='ltr'>Α.</span> <span class='ocrx_word' id='word_1_25' title='bbox 1328 397 1366 402; x_wconf 92' lang='lat'>-—</span> <span class='ocrx_word' id='word_1_26' title='bbox 1386 383 1469 410; x_wconf 80' lang='lat' dir='ltr'>Brev.</span> 
     </span>
    </p>
   </div>
   <div class='ocr_carea' id='block_1_3' title="bbox 181 420 1469 494">
    <p class='ocr_par' dir='ltr' id='par_1_3' title="bbox 181 420 1469 494">
     <span class='ocr_line' id='line_1_7' title="bbox 183 420 1469 462; baseline -0.007 -7"><span class='ocrx_word' id='word_1_27' title='bbox 183 427 432 462; x_wconf 55' lang='lat' dir='ltr'>Calagum-&#39;tanum</span> <span class='ocrx_word' id='word_1_28' title='bbox 461 429 490 453; x_wconf 84' lang='lat' dir='ltr'>et</span> <span class='ocrx_word' id='word_1_29' title='bbox 509 425 664 452; x_wconf 67' lang='lat' dir='ltr'>calciateu.</span> <span class='ocrx_word' id='word_1_30' title='bbox 692 425 761 458; x_wconf 84' lang='lat' dir='ltr'>imp.</span> <span class='ocrx_word' id='word_1_31' title='bbox 782 424 919 451; x_wconf 79' lang='lat' dir='ltr'>Luci-onii</span> <span class='ocrx_word' id='word_1_32' title='bbox 949 420 1027 450; x_wconf 76' lang='lat'>1543.</span> <span class='ocrx_word' id='word_1_33' title='bbox 1048 423 1081 449; x_wconf 85' lang='lat' dir='ltr'>B.</span> <span class='ocrx_word' id='word_1_34' title='bbox 1110 436 1145 441; x_wconf 65' lang='lat'>„-</span> <span class='ocrx_word' id='word_1_35' title='bbox 1170 420 1195 454; x_wconf 78' lang='lat'>5,</span> <span class='ocrx_word' id='word_1_36' title='bbox 1226 420 1239 448; x_wconf 92' lang='lat'>1</span> <span class='ocrx_word' id='word_1_37' title='bbox 1261 420 1337 448; x_wconf 82' lang='lat' dir='ltr'>Huic</span> <span class='ocrx_word' id='word_1_38' title='bbox 1361 422 1469 454; x_wconf 76' lang='lat' dir='ltr'>martyr</span> 
     </span>
     <span class='ocr_line' id='line_1_8' title="bbox 181 461 631 494; baseline -0.009 -2"><span class='ocrx_word' id='word_1_39' title='bbox 181 465 260 494; x_wconf 79' lang='lat' dir='ltr'>felix.</span> <span class='ocrx_word' id='word_1_40' title='bbox 280 466 314 491; x_wconf 89' lang='lat' dir='ltr'>A.</span> <span class='ocrx_word' id='word_1_41' title='bbox 385 466 440 491; x_wconf 68' lang='lat' dir='ltr'>›Str-</span> <span class='ocrx_word' id='word_1_42' title='bbox 462 461 478 488; x_wconf 76' lang='lat'>(5</span> <span class='ocrx_word' id='word_1_43' title='bbox 498 462 576 489; x_wconf 80' lang='lat' dir='ltr'>fehlt.</span> <span class='ocrx_word' id='word_1_44' title='bbox 598 463 631 489; x_wconf 83' lang='lat' dir='ltr'>A.</span> 
     </span>
    </p>
   </div>
   <div class='ocr_carea' id='block_1_4' title="bbox 629 586 1020 692">
    <p class='ocr_par' dir='ltr' id='par_1_4' title="bbox 629 586 1020 692">
     <span class='ocr_line' id='line_1_9' title="bbox 629 586 1020 619; baseline -0.005 0"><span class='ocrx_word' id='word_1_45' title='bbox 629 588 693 619; x_wconf 84' lang='lat'>355.</span> <span class='ocrx_word' id='word_1_46' title='bbox 723 588 766 619; x_wconf 80' lang='lat' dir='ltr'>De</span> <span class='ocrx_word' id='word_1_47' title='bbox 788 589 898 619; x_wconf 81' lang='lat' dir='ltr'>sancta.</span> <span class='ocrx_word' id='word_1_48' title='bbox 917 586 1020 618; x_wconf 85' lang='lat' dir='ltr'>Lucia.</span> 
     </span>
     <span class='ocr_line' id='line_1_10' title="bbox 715 654 937 692; baseline -0.005 -9"><span class='ocrx_word' id='word_1_49' title='bbox 715 655 761 683; x_wconf 79' lang='lat' dir='ltr'>Ad</span> <span class='ocrx_word' id='word_1_50' title='bbox 783 654 937 692; x_wconf 77' lang='lat' dir='ltr'>Vesperas.</span> 
     </span>
    </p>
   </div>
   <div class='ocr_carea' id='block_1_5' title="bbox 184 721 1476 1961">
    <p class='ocr_par' dir='ltr' id='par_1_5' title="bbox 184 721 1476 1961">
     <span class='ocr_line' id='line_1_11' title="bbox 184 721 1446 765; baseline -0.004 -9"><span class='ocrx_word' id='word_1_51' title='bbox 184 728 215 758; x_wconf 85' lang='lat'>1.</span> <span class='ocrx_word' id='word_1_52' title='bbox 241 724 420 757; x_wconf 83' lang='lat' dir='ltr'>Pneumatis</span> <span class='ocrx_word' id='word_1_53' title='bbox 443 725 517 763; x_wconf 84' lang='lat' dir='ltr'>igne</span> <span class='ocrx_word' id='word_1_54' title='bbox 541 731 691 755; x_wconf 82' lang='lat' dir='ltr'>succensa</span> <span class='ocrx_word' id='word_1_55' title='bbox 857 725 888 755; x_wconf 80' lang='lat'>5.</span> <span class='ocrx_word' id='word_1_56' title='bbox 915 722 1013 765; x_wconf 80' lang='lat' dir='ltr'>Vidit,</span> <span class='ocrx_word' id='word_1_57' title='bbox 1038 725 1169 753; x_wconf 80' lang='lat' dir='ltr'>matrem</span> <span class='ocrx_word' id='word_1_58' title='bbox 1195 721 1277 761; x_wconf 81' lang='lat' dir='ltr'>quod</span> <span class='ocrx_word' id='word_1_59' title='bbox 1302 724 1446 761; x_wconf 82' lang='lat' dir='ltr'>gravaret</span> 
     </span>
     <span class='ocr_line' id='line_1_12' title="bbox 289 767 1389 809; baseline -0.004 -7"><span class='ocrx_word' id='word_1_60' title='bbox 289 771 429 803; x_wconf 72' lang='lat' dir='ltr'>Caritate</span> <span class='ocrx_word' id='word_1_61' title='bbox 452 770 552 802; x_wconf 82' lang='lat' dir='ltr'>Lucia</span> <span class='ocrx_word' id='word_1_62' title='bbox 958 769 1074 808; x_wconf 80' lang='lat' dir='ltr'>Turpis</span> <span class='ocrx_word' id='word_1_63' title='bbox 1096 767 1198 801; x_wconf 78' lang='lat' dir='ltr'>fluxus</span> <span class='ocrx_word' id='word_1_64' title='bbox 1220 767 1389 809; x_wconf 80' lang='lat' dir='ltr'>sanguinis,</span> 
     </span>
     <span class='ocr_line' id='line_1_13' title="bbox 243 815 1401 858; baseline -0.003 -9"><span class='ocrx_word' id='word_1_65' title='bbox 243 818 338 858; x_wconf 84' lang='lat' dir='ltr'>Virgo</span> <span class='ocrx_word' id='word_1_66' title='bbox 363 816 481 849; x_wconf 75' lang='lat' dir='ltr'>ferbuit</span> <span class='ocrx_word' id='word_1_67' title='bbox 501 817 663 856; x_wconf 85' lang='lat' dir='ltr'>immensa,</span> <span class='ocrx_word' id='word_1_68' title='bbox 916 817 1029 848; x_wconf 90' lang='lat' dir='ltr'>Somno</span> <span class='ocrx_word' id='word_1_69' title='bbox 1054 816 1170 855; x_wconf 85' lang='lat' dir='ltr'>templo</span> <span class='ocrx_word' id='word_1_70' title='bbox 1197 815 1270 847; x_wconf 86' lang='lat' dir='ltr'>dum</span> <span class='ocrx_word' id='word_1_71' title='bbox 1295 817 1401 846; x_wconf 76' lang='lat' dir='ltr'>oraret</span> 
     </span>
     <span class='ocr_line' id='line_1_14' title="bbox 292 862 1310 903; baseline -0.003 -7"><span class='ocrx_word' id='word_1_72' title='bbox 292 864 373 896; x_wconf 85' lang='lat' dir='ltr'>Nam</span> <span class='ocrx_word' id='word_1_73' title='bbox 398 864 486 902; x_wconf 85' lang='lat' dir='ltr'>sequi</span> <span class='ocrx_word' id='word_1_74' title='bbox 511 863 641 903; x_wconf 83' lang='lat' dir='ltr'>vestigia</span> <span class='ocrx_word' id='word_1_75' title='bbox 960 863 1117 902; x_wconf 83' lang='lat' dir='ltr'>Agatham</span> <span class='ocrx_word' id='word_1_76' title='bbox 1140 862 1310 901; x_wconf 79' lang='lat' dir='ltr'>altissimis,</span> 
     </span>
     <span class='ocr_line' id='line_1_15' title="bbox 243 908 1425 951; baseline -0.003 -9"><span class='ocrx_word' id='word_1_77' title='bbox 243 911 318 942; x_wconf 82' lang='lat' dir='ltr'>Fuit</span> <span class='ocrx_word' id='word_1_78' title='bbox 341 911 485 943; x_wconf 87' lang='lat' dir='ltr'>voluntas</span> <span class='ocrx_word' id='word_1_79' title='bbox 509 911 637 941; x_wconf 86' lang='lat' dir='ltr'>incensa</span> <span class='ocrx_word' id='word_1_80' title='bbox 914 908 1002 947; x_wconf 83' lang='lat' dir='ltr'>Quod</span> <span class='ocrx_word' id='word_1_81' title='bbox 1025 909 1115 951; x_wconf 87' lang='lat' dir='ltr'>petit,</span> <span class='ocrx_word' id='word_1_82' title='bbox 1141 910 1169 940; x_wconf 90' lang='lat' dir='ltr'>si</span> <span class='ocrx_word' id='word_1_83' title='bbox 1195 909 1298 949; x_wconf 84' lang='lat' dir='ltr'>vellet,</span> <span class='ocrx_word' id='word_1_84' title='bbox 1327 908 1425 946; x_wconf 83' lang='lat' dir='ltr'>daret,</span> 
     </span>
     <span class='ocr_line' id='line_1_16' title="bbox 290 955 1326 996; baseline -0.002 -7"><span class='ocrx_word' id='word_1_85' title='bbox 290 957 474 989; x_wconf 83' lang='lat' dir='ltr'>Sanctorum</span> <span class='ocrx_word' id='word_1_86' title='bbox 498 957 530 989; x_wconf 87' lang='lat' dir='ltr'>in</span> <span class='ocrx_word' id='word_1_87' title='bbox 555 956 658 988; x_wconf 83' lang='lat' dir='ltr'>latria.</span> <span class='ocrx_word' id='word_1_88' title='bbox 960 956 1067 996; x_wconf 88' lang='lat' dir='ltr'>Inquit</span> <span class='ocrx_word' id='word_1_89' title='bbox 1091 958 1162 987; x_wconf 86' lang='lat' dir='ltr'>voto</span> <span class='ocrx_word' id='word_1_90' title='bbox 1182 955 1326 987; x_wconf 89' lang='lat' dir='ltr'>numinis.</span> 
     </span>
     <span class='ocr_line' id='line_1_17' title="bbox 185 1011 1441 1051; baseline -0.002 -7"><span class='ocrx_word' id='word_1_91' title='bbox 185 1015 216 1046; x_wconf 86' lang='lat'>2.</span> <span class='ocrx_word' id='word_1_92' title='bbox 245 1012 370 1045; x_wconf 76' lang='lat' dir='ltr'>Virtute</span> <span class='ocrx_word' id='word_1_93' title='bbox 392 1012 453 1043; x_wconf 91' lang='lat' dir='ltr'>Dei</span> <span class='ocrx_word' id='word_1_94' title='bbox 478 1015 604 1043; x_wconf 87' lang='lat' dir='ltr'>ostensa</span> <span class='ocrx_word' id='word_1_95' title='bbox 858 1014 889 1045; x_wconf 85' lang='grc'>6.</span> <span class='ocrx_word' id='word_1_96' title='bbox 914 1012 1043 1043; x_wconf 83' lang='lat' dir='ltr'>Plenam</span> <span class='ocrx_word' id='word_1_97' title='bbox 1069 1021 1160 1051; x_wconf 84' lang='lat' dir='ltr'>quam</span> <span class='ocrx_word' id='word_1_98' title='bbox 1187 1013 1260 1043; x_wconf 88' lang='lat' dir='ltr'>dum</span> <span class='ocrx_word' id='word_1_99' title='bbox 1286 1011 1441 1042; x_wconf 84' lang='lat' dir='ltr'>cruciaret</span> 
     </span>
     <span class='ocr_line' id='line_1_18' title="bbox 290 1057 1317 1098; baseline -0.002 -7"><span class='ocrx_word' id='word_1_100' title='bbox 290 1059 421 1098; x_wconf 83' lang='lat' dir='ltr'>Optavit</span> <span class='ocrx_word' id='word_1_101' title='bbox 442 1058 598 1097; x_wconf 82' lang='lat' dir='ltr'>coelest-ia,</span> <span class='ocrx_word' id='word_1_102' title='bbox 962 1058 1148 1091; x_wconf 76' lang='lat' dir='ltr'>Paschasius</span> <span class='ocrx_word' id='word_1_103' title='bbox 1173 1057 1317 1097; x_wconf 79' lang='lat' dir='ltr'>flaminis,</span> 
     </span>
     <span class='ocr_line' id='line_1_19' title="bbox 247 1104 1330 1145; baseline -0.002 -8"><span class='ocrx_word' id='word_1_104' title='bbox 247 1106 383 1145; x_wconf 81' lang='lat' dir='ltr'>Sprevit‚</span> <span class='ocrx_word' id='word_1_105' title='bbox 409 1109 444 1137; x_wconf 92' lang='lat' dir='ltr'>ut</span> <span class='ocrx_word' id='word_1_106' title='bbox 467 1105 547 1137; x_wconf 89' lang='lat' dir='ltr'>labi&#39;s</span> <span class='ocrx_word' id='word_1_107' title='bbox 573 1104 689 1136; x_wconf 60' lang='lat' dir='ltr'>offensa</span> <span class='ocrx_word' id='word_1_108' title='bbox 917 1105 1039 1136; x_wconf 84' lang='lat' dir='ltr'>Virtute</span> <span class='ocrx_word' id='word_1_109' title='bbox 1063 1108 1098 1137; x_wconf 90' lang='lat' dir='ltr'>ut</span> <span class='ocrx_word' id='word_1_110' title='bbox 1121 1106 1330 1145; x_wconf 75' lang='lat' dir='ltr'>triumpharet</span> 
     </span>
     <span class='ocr_line' id='line_1_20' title="bbox 292 1150 1327 1192; baseline -0.001 -9"><span class='ocrx_word' id='word_1_111' title='bbox 292 1152 421 1192; x_wconf 87' lang='lat' dir='ltr'>Periret,</span> <span class='ocrx_word' id='word_1_112' title='bbox 447 1152 619 1191; x_wconf 84' lang='lat' dir='ltr'>terrestria,</span> <span class='ocrx_word' id='word_1_113' title='bbox 960 1150 1123 1184; x_wconf 88' lang='lat' dir='ltr'>Afflictum</span> <span class='ocrx_word' id='word_1_114' title='bbox 1149 1151 1327 1184; x_wconf 82' lang='lat' dir='ltr'>certaminis</span> 
     </span>
     <span class='ocr_line' id='line_1_21' title="bbox 245 1197 1367 1238; baseline -0.003 -7"><span class='ocrx_word' id='word_1_115' title='bbox 245 1198 307 1231; x_wconf 88' lang='lat' dir='ltr'>Cur</span> <span class='ocrx_word' id='word_1_116' title='bbox 333 1199 360 1229; x_wconf 91' lang='lat' dir='ltr'>ei</span> <span class='ocrx_word' id='word_1_117' title='bbox 385 1197 446 1230; x_wconf 83' lang='lat' dir='ltr'>fuit</span> <span class='ocrx_word' id='word_1_118' title='bbox 468 1199 610 1237; x_wconf 83' lang='lat' dir='ltr'>impensa</span> <span class='ocrx_word' id='word_1_119' title='bbox 916 1197 960 1229; x_wconf 77' lang='lat' dir='ltr'>Et</span> <span class='ocrx_word' id='word_1_120' title='bbox 983 1207 1056 1230; x_wconf 90' lang='lat' dir='ltr'>arce</span> <span class='ocrx_word' id='word_1_121' title='bbox 1080 1200 1195 1230; x_wconf 86' lang='lat' dir='ltr'>sanctis</span> <span class='ocrx_word' id='word_1_122' title='bbox 1221 1201 1367 1238; x_wconf 83' lang='lat' dir='ltr'>regnaret</span> 
     </span>
     <span class='ocr_line' id='line_1_22' title="bbox 292 1245 1317 1285; baseline 0.001 -9"><span class='ocrx_word' id='word_1_123' title='bbox 292 1245 388 1276; x_wconf 87' lang='lat' dir='ltr'>Plene</span> <span class='ocrx_word' id='word_1_124' title='bbox 411 1245 472 1276; x_wconf 84' lang='lat' dir='ltr'>Dei</span> <span class='ocrx_word' id='word_1_125' title='bbox 496 1245 606 1285; x_wconf 75' lang='lat' dir='ltr'>gratia,</span> <span class='ocrx_word' id='word_1_126' title='bbox 963 1245 1115 1277; x_wconf 81' lang='lat' dir='ltr'>Coelestis</span> <span class='ocrx_word' id='word_1_127' title='bbox 1141 1245 1317 1277; x_wconf 80' lang='lat' dir='ltr'>cacuminis.</span> 
     </span>
     <span class='ocr_line' id='line_1_23' title="bbox 189 1300 1260 1341; baseline -0.002 -7"><span class='ocrx_word' id='word_1_128' title='bbox 189 1303 219 1334; x_wconf 77' lang='lat'>3.</span> <span class='ocrx_word' id='word_1_129' title='bbox 247 1301 355 1333; x_wconf 79' lang='lat' dir='ltr'>Cultus</span> <span class='ocrx_word' id='word_1_130' title='bbox 380 1309 475 1333; x_wconf 87' lang='lat' dir='ltr'>vanos</span> <span class='ocrx_word' id='word_1_131' title='bbox 498 1301 652 1332; x_wconf 87' lang='lat' dir='ltr'>idolorum</span> <span class='ocrx_word' id='word_1_132' title='bbox 858 1302 889 1333; x_wconf 85' lang='lat'>7.</span> <span class='ocrx_word' id='word_1_133' title='bbox 917 1300 1014 1333; x_wconf 75' lang='lat' dir='ltr'>Lucia</span> <span class='ocrx_word' id='word_1_134' title='bbox 1038 1301 1107 1332; x_wconf 88' lang='lat' dir='ltr'>luce</span> <span class='ocrx_word' id='word_1_135' title='bbox 1131 1302 1260 1341; x_wconf 83' lang='lat' dir='ltr'>pudoris</span> 
     </span>
     <span class='ocr_line' id='line_1_24' title="bbox 291 1346 1334 1386; baseline -0.002 -7"><span class='ocrx_word' id='word_1_136' title='bbox 291 1347 336 1379; x_wconf 84' lang='lat' dir='ltr'>Et</span> <span class='ocrx_word' id='word_1_137' title='bbox 363 1346 492 1379; x_wconf 79' lang='lat' dir='ltr'>fraudes</span> <span class='ocrx_word' id='word_1_138' title='bbox 517 1347 688 1384; x_wconf 83' lang='lat' dir='ltr'>abhorruit,</span> <span class='ocrx_word' id='word_1_139' title='bbox 962 1347 1099 1386; x_wconf 79' lang='lat' dir='ltr'>Fulgens</span> <span class='ocrx_word' id='word_1_140' title='bbox 1126 1351 1159 1379; x_wconf 87' lang='lat' dir='ltr'>et</span> <span class='ocrx_word' id='word_1_141' title='bbox 1181 1347 1334 1386; x_wconf 80' lang='lat' dir='ltr'>martyrii,</span> 
     </span>
     <span class='ocr_line' id='line_1_25' title="bbox 245 1394 1265 1434; baseline 0.001 -9"><span class='ocrx_word' id='word_1_142' title='bbox 245 1394 287 1425; x_wconf 83' lang='lat' dir='ltr'>Et</span> <span class='ocrx_word' id='word_1_143' title='bbox 312 1394 377 1426; x_wconf 88' lang='lat' dir='ltr'>doli</span> <span class='ocrx_word' id='word_1_144' title='bbox 401 1395 479 1426; x_wconf 87' lang='lat' dir='ltr'>ritus</span> <span class='ocrx_word' id='word_1_145' title='bbox 506 1402 610 1425; x_wconf 87' lang='lat' dir='ltr'>eorum</span> <span class='ocrx_word' id='word_1_146' title='bbox 917 1394 992 1433; x_wconf 86' lang='lat' dir='ltr'>Igne</span> <span class='ocrx_word' id='word_1_147' title='bbox 1018 1394 1115 1426; x_wconf 87' lang='lat' dir='ltr'>divini</span> <span class='ocrx_word' id='word_1_148' title='bbox 1140 1395 1265 1434; x_wconf 81' lang='lat' dir='ltr'>amoriS,</span> 
     </span>
     <span class='ocr_line' id='line_1_26' title="bbox 290 1440 1366 1481; baseline 0 -10"><span class='ocrx_word' id='word_1_149' title='bbox 290 1440 411 1472; x_wconf 84' lang='lat' dir='ltr'>Imitari</span> <span class='ocrx_word' id='word_1_150' title='bbox 435 1440 548 1480; x_wconf 84' lang='lat' dir='ltr'>renuit,</span> <span class='ocrx_word' id='word_1_151' title='bbox 962 1440 1025 1480; x_wconf 88' lang='lat' dir='ltr'>Spe</span> <span class='ocrx_word' id='word_1_152' title='bbox 1049 1449 1198 1473; x_wconf 86' lang='lat' dir='ltr'>succensa</span> <span class='ocrx_word' id='word_1_153' title='bbox 1224 1441 1366 1481; x_wconf 85' lang='lat' dir='ltr'>praemii,</span> 
     </span>
     <span class='ocr_line' id='line_1_27' title="bbox 248 1486 1397 1520; baseline 0 -2"><span class='ocrx_word' id='word_1_154' title='bbox 248 1487 309 1519; x_wconf 87' lang='lat' dir='ltr'>Gur</span> <span class='ocrx_word' id='word_1_155' title='bbox 334 1495 402 1519; x_wconf 86' lang='lat' dir='ltr'>esse</span> <span class='ocrx_word' id='word_1_156' title='bbox 427 1496 553 1520; x_wconf 88' lang='lat' dir='ltr'>consors</span> <span class='ocrx_word' id='word_1_157' title='bbox 577 1489 754 1518; x_wconf 87' lang='lat' dir='ltr'>sanctorum</span> <span class='ocrx_word' id='word_1_158' title='bbox 913 1486 980 1518; x_wconf 87' lang='lat' dir='ltr'>Fac</span> <span class='ocrx_word' id='word_1_159' title='bbox 1004 1496 1060 1519; x_wconf 88' lang='lat' dir='ltr'>nos</span> <span class='ocrx_word' id='word_1_160' title='bbox 1087 1490 1246 1520; x_wconf 86' lang='lat' dir='ltr'>consortes</span> <span class='ocrx_word' id='word_1_161' title='bbox 1270 1487 1397 1519; x_wconf 89' lang='lat' dir='ltr'>honoris</span> 
     </span>
     <span class='ocr_line' id='line_1_28' title="bbox 294 1532 1240 1575; baseline 0.002 -11"><span class='ocrx_word' id='word_1_162' title='bbox 294 1532 330 1565; x_wconf 85' lang='lat' dir='ltr'>In</span> <span class='ocrx_word' id='word_1_163' title='bbox 357 1534 502 1574; x_wconf 88' lang='lat' dir='ltr'>supernis</span> <span class='ocrx_word' id='word_1_164' title='bbox 526 1534 648 1565; x_wconf 76' lang='lat' dir='ltr'>meruit.</span> <span class='ocrx_word' id='word_1_165' title='bbox 961 1535 1089 1574; x_wconf 85' lang='lat' dir='ltr'>Angelis</span> <span class='ocrx_word' id='word_1_166' title='bbox 1115 1535 1240 1575; x_wconf 84' lang='lat' dir='ltr'>egregii.</span> 
     </span>
     <span class='ocr_line' id='line_1_29' title="bbox 188 1590 1353 1630; baseline 0 -8"><span class='ocrx_word' id='word_1_167' title='bbox 188 1592 219 1624; x_wconf 84' lang='lat'>4.</span> <span class='ocrx_word' id='word_1_168' title='bbox 246 1590 415 1622; x_wconf 82' lang='lat' dir='ltr'>Laetanter</span> <span class='ocrx_word' id='word_1_169' title='bbox 439 1591 522 1622; x_wconf 83' lang='lat' dir='ltr'>dona</span> <span class='ocrx_word' id='word_1_170' title='bbox 544 1590 695 1621; x_wconf 89' lang='lat' dir='ltr'>bonorum</span> <span class='ocrx_word' id='word_1_171' title='bbox 859 1591 890 1623; x_wconf 88' lang='lat'>8.</span> <span class='ocrx_word' id='word_1_172' title='bbox 916 1590 1000 1622; x_wconf 86' lang='lat' dir='ltr'>Laus</span> <span class='ocrx_word' id='word_1_173' title='bbox 1025 1599 1179 1630; x_wconf 85' lang='lat' dir='ltr'>personae</span> <span class='ocrx_word' id='word_1_174' title='bbox 1203 1591 1353 1630; x_wconf 79' lang='lat' dir='ltr'>genitoris</span> 
     </span>
     <span class='ocr_line' id='line_1_30' title="bbox 294 1636 1261 1678; baseline 0 -10"><span class='ocrx_word' id='word_1_175' title='bbox 294 1637 411 1677; x_wconf 84' lang='lat' dir='ltr'>Egenis</span> <span class='ocrx_word' id='word_1_176' title='bbox 438 1636 597 1669; x_wconf 78' lang='lat' dir='ltr'>distribuit</span> <span class='ocrx_word' id='word_1_177' title='bbox 961 1636 1062 1669; x_wconf 80' lang='lat' dir='ltr'>Detur</span> <span class='ocrx_word' id='word_1_178' title='bbox 1087 1641 1181 1678; x_wconf 83' lang='lat' dir='ltr'>atque</span> <span class='ocrx_word' id='word_1_179' title='bbox 1206 1637 1261 1669; x_wconf 81' lang='lat' dir='ltr'>filii</span> 
     </span>
     <span class='ocr_line' id='line_1_31' title="bbox 248 1683 1412 1723; baseline 0.001 -8"><span class='ocrx_word' id='word_1_180' title='bbox 248 1684 432 1715; x_wconf 68' lang='lat' dir='ltr'>Christianis</span> <span class='ocrx_word' id='word_1_181' title='bbox 457 1685 666 1722; x_wconf 79' lang='lat' dir='ltr'>propriorum,</span> <span class='ocrx_word' id='word_1_182' title='bbox 916 1683 959 1715; x_wconf 79' lang='lat' dir='ltr'>Et</span> <span class='ocrx_word' id='word_1_183' title='bbox 981 1686 1157 1723; x_wconf 79' lang='lat' dir='ltr'>pneumatis</span> <span class='ocrx_word' id='word_1_184' title='bbox 1183 1685 1302 1716; x_wconf 83' lang='lat' dir='ltr'>cunctis</span> <span class='ocrx_word' id='word_1_185' title='bbox 1326 1684 1412 1716; x_wconf 83' lang='lat' dir='ltr'>horis</span> 
     </span>
     <span class='ocr_line' id='line_1_32' title="bbox 293 1730 1271 1771; baseline 0.001 -10"><span class='ocrx_word' id='word_1_186' title='bbox 293 1730 366 1768; x_wconf 80' lang='lat' dir='ltr'>Quis</span> <span class='ocrx_word' id='word_1_187' title='bbox 388 1739 478 1770; x_wconf 84' lang='lat' dir='ltr'>egere</span> <span class='ocrx_word' id='word_1_188' title='bbox 501 1730 613 1771; x_wconf 89' lang='lat' dir='ltr'>potuit,</span> <span class='ocrx_word' id='word_1_189' title='bbox 963 1731 1132 1763; x_wconf 84' lang='lat' dir='ltr'>Precantes</span> <span class='ocrx_word' id='word_1_190' title='bbox 1158 1732 1271 1770; x_wconf 83' lang='lat' dir='ltr'>eximii,</span> 
     </span>
     <span class='ocr_line' id='line_1_33' title="bbox 249 1776 1374 1818; baseline 0.001 -10"><span class='ocrx_word' id='word_1_191' title='bbox 249 1776 398 1817; x_wconf 85' lang='lat' dir='ltr'>Noverat,</span> <span class='ocrx_word' id='word_1_192' title='bbox 424 1778 505 1817; x_wconf 89' lang='lat' dir='ltr'>quod</span> <span class='ocrx_word' id='word_1_193' title='bbox 530 1786 586 1808; x_wconf 79' lang='lat' dir='ltr'>rex</span> <span class='ocrx_word' id='word_1_194' title='bbox 611 1777 766 1809; x_wconf 86' lang='lat' dir='ltr'>coelorum</span> <span class='ocrx_word' id='word_1_195' title='bbox 918 1777 962 1809; x_wconf 86' lang='lat' dir='ltr'>Ut</span> <span class='ocrx_word' id='word_1_196' title='bbox 983 1779 1122 1810; x_wconf 84' lang='lat' dir='ltr'>vivamus</span> <span class='ocrx_word' id='word_1_197' title='bbox 1144 1779 1245 1818; x_wconf 87' lang='lat' dir='ltr'>juncti</span> <span class='ocrx_word' id='word_1_198' title='bbox 1272 1778 1374 1810; x_wconf 85' lang='lat' dir='ltr'>choris</span> 
     </span>
     <span class='ocr_line' id='line_1_34' title="bbox 294 1824 1243 1865; baseline 0.003 -10"><span class='ocrx_word' id='word_1_199' title='bbox 294 1824 459 1856; x_wconf 78' lang='lat' dir='ltr'>Hortando</span> <span class='ocrx_word' id='word_1_200' title='bbox 484 1825 530 1855; x_wconf 86' lang='lat' dir='ltr'>sic</span> <span class='ocrx_word' id='word_1_201' title='bbox 555 1824 669 1856; x_wconf 88' lang='lat' dir='ltr'>(locuit.</span> <span class='ocrx_word' id='word_1_202' title='bbox 964 1825 1098 1864; x_wconf 88' lang='lat' dir='ltr'>Superni</span> <span class='ocrx_word' id='word_1_203' title='bbox 1121 1826 1243 1865; x_wconf 82' lang='lat' dir='ltr'>palatii.</span> 
     </span>
     <span class='ocr_line' id='line_1_35' title="bbox 266 1887 1476 1925; baseline 0 -9"><span class='ocrx_word' id='word_1_204' title='bbox 266 1890 348 1916; x_wconf 83' lang='lat' dir='ltr'>Brev.</span> <span class='ocrx_word' id='word_1_205' title='bbox 376 1887 548 1916; x_wconf 67' lang='lat' dir='ltr'>Cels-&gt;nense</span> <span class='ocrx_word' id='word_1_206' title='bbox 573 1893 642 1924; x_wconf 86' lang='lat' dir='ltr'>imp.</span> <span class='ocrx_word' id='word_1_207' title='bbox 671 1888 916 1925; x_wconf 74' lang='lat' dir='ltr'>Caesaraugustae</span> <span class='ocrx_word' id='word_1_208' title='bbox 944 1887 1023 1917; x_wconf 85' lang='lat'>1514.</span> <span class='ocrx_word' id='word_1_209' title='bbox 1063 1906 1069 1909; x_wconf 99' lang='lat'>-</span> <span class='ocrx_word' id='word_1_210' title='bbox 1121 1890 1281 1917; x_wconf 74' lang='lat' dir='ltr'>Verfasser:</span> <span class='ocrx_word' id='word_1_211' title='bbox 1310 1891 1476 1923; x_wconf 84' lang='lat' dir='ltr'>Anouyrnus</span> 
     </span>
     <span class='ocr_line' id='line_1_36' title="bbox 189 1925 734 1961; baseline -0.002 -8"><span class='ocrx_word' id='word_1_212' title='bbox 189 1925 381 1954; x_wconf 63' lang='lat' dir='ltr'>Celsonensis.</span> <span class='ocrx_word' id='word_1_213' title='bbox 402 1940 440 1945; x_wconf 81' lang='lat'>—</span> <span class='ocrx_word' id='word_1_214' title='bbox 458 1925 485 1959; x_wconf 78' lang='lat'>4,</span> <span class='ocrx_word' id='word_1_215' title='bbox 505 1925 525 1953; x_wconf 82' lang='lat'>4</span> <span class='ocrx_word' id='word_1_216' title='bbox 544 1927 622 1960; x_wconf 77' lang='lat' dir='ltr'>Quos</span> <span class='ocrx_word' id='word_1_217' title='bbox 642 1935 734 1961; x_wconf 77' lang='lat' dir='ltr'>egere.</span> 
     </span>
    </p>
   </div>
   <div class='ocr_carea' id='block_1_6' title="bbox 632 2054 1026 2087">
    <p class='ocr_par' dir='ltr' id='par_1_6' title="bbox 632 2054 1026 2087">
     <span class='ocr_line' id='line_1_37' title="bbox 632 2054 1026 2087; baseline -0.003 -1"><span class='ocrx_word' id='word_1_218' title='bbox 632 2054 695 2087; x_wconf 84' lang='lat'>356.</span> <span class='ocrx_word' id='word_1_219' title='bbox 735 2056 778 2086; x_wconf 85' lang='lat' dir='ltr'>De</span> <span class='ocrx_word' id='word_1_220' title='bbox 798 2057 905 2087; x_wconf 80' lang='lat' dir='ltr'>sancta</span> <span class='ocrx_word' id='word_1_221' title='bbox 924 2054 1026 2087; x_wconf 83' lang='lat' dir='ltr'>Lucia.</span> 
     </span>
    </p>
   </div>
   <div class='ocr_carea' id='block_1_7' title="bbox 701 2122 956 2152">
    <p class='ocr_par' dir='ltr' id='par_1_7' title="bbox 701 2122 956 2152">
     <span class='ocr_line' id='line_1_38' title="bbox 701 2122 956 2152; baseline 0.004 -1"><span class='ocrx_word' id='word_1_222' title='bbox 701 2123 748 2151; x_wconf 81' lang='lat' dir='ltr'>Ad</span> <span class='ocrx_word' id='word_1_223' title='bbox 768 2122 797 2152; x_wconf 87' lang='lat' dir='ltr'>N</span> <span class='ocrx_word' id='word_1_224' title='bbox 798 2125 956 2152; x_wconf 87' lang='lat' dir='ltr'>octurnum.</span> 
     </span>
    </p>
   </div>
   <div class='ocr_carea' id='block_1_8' title="bbox 194 2190 1430 2320">
    <p class='ocr_par' dir='ltr' id='par_1_8' title="bbox 194 2190 1430 2320">
     <span class='ocr_line' id='line_1_39' title="bbox 194 2190 1335 2236; baseline 0.001 -14"><span class='ocrx_word' id='word_1_225' title='bbox 194 2191 222 2224; x_wconf 87' lang='lat'>1.</span> <span class='ocrx_word' id='word_1_226' title='bbox 249 2190 365 2222; x_wconf 87' lang='lat' dir='ltr'>Luciae</span> <span class='ocrx_word' id='word_1_227' title='bbox 387 2191 521 2222; x_wconf 85' lang='lat' dir='ltr'>laetetur</span> <span class='ocrx_word' id='word_1_228' title='bbox 545 2193 641 2231; x_wconf 86' lang='lat' dir='ltr'>gestis</span> <span class='ocrx_word' id='word_1_229' title='bbox 863 2192 893 2224; x_wconf 84' lang='lat'>2.</span> <span class='ocrx_word' id='word_1_230' title='bbox 919 2191 1033 2224; x_wconf 82' lang='lat' dir='ltr'>Exstat</span> <span class='ocrx_word' id='word_1_231' title='bbox 1061 2200 1119 2223; x_wconf 86' lang='lat' dir='ltr'>sua</span> <span class='ocrx_word' id='word_1_232' title='bbox 1146 2191 1211 2224; x_wconf 87' lang='lat' dir='ltr'>vita</span> <span class='ocrx_word' id='word_1_233' title='bbox 1236 2192 1335 2236; x_wconf 87' lang='lat' dir='ltr'>testis,</span> 
     </span>
     <span class='ocr_line' id='line_1_40' title="bbox 249 2237 1430 2279; baseline 0.003 -11"><span class='ocrx_word' id='word_1_234' title='bbox 249 2237 355 2269; x_wconf 88' lang='lat' dir='ltr'>Turba</span> <span class='ocrx_word' id='word_1_235' title='bbox 383 2238 531 2269; x_wconf 85' lang='lat' dir='ltr'>virtutum</span> <span class='ocrx_word' id='word_1_236' title='bbox 556 2239 693 2270; x_wconf 82' lang='lat' dir='ltr'>honestis</span> <span class='ocrx_word' id='word_1_237' title='bbox 922 2239 1009 2276; x_wconf 69' lang='lat' dir='ltr'>Quod</span> <span class='ocrx_word' id='word_1_238' title='bbox 1034 2240 1094 2270; x_wconf 87' lang='lat' dir='ltr'>hac</span> <span class='ocrx_word' id='word_1_239' title='bbox 1118 2238 1178 2271; x_wconf 80' lang='lat' dir='ltr'>fuit</span> <span class='ocrx_word' id='word_1_240' title='bbox 1201 2242 1309 2279; x_wconf 82' lang='lat' dir='ltr'>spreta</span> <span class='ocrx_word' id='word_1_241' title='bbox 1333 2241 1430 2279; x_wconf 83' lang='lat' dir='ltr'>pestis</span> 
     </span>
     <span class='ocr_line' id='line_1_41' title="bbox 250 2284 1220 2320; baseline 0.003 -5"><span class='ocrx_word' id='word_1_242' title='bbox 250 2284 370 2316; x_wconf 87' lang='lat' dir='ltr'>Mundo</span> <span class='ocrx_word' id='word_1_243' title='bbox 396 2286 490 2317; x_wconf 85' lang='lat' dir='ltr'>corde</span> <span class='ocrx_word' id='word_1_244' title='bbox 513 2285 653 2317; x_wconf 86' lang='lat' dir='ltr'>fidelium</span> <span class='ocrx_word' id='word_1_245' title='bbox 923 2285 1070 2318; x_wconf 68' lang='lat' dir='ltr'>culturae</span> <span class='ocrx_word' id='word_1_246' title='bbox 1094 2287 1220 2320; x_wconf 83' lang='lat' dir='ltr'>exitium</span> 
     </span>
    </p>
   </div>
   <div class='ocr_carea' id='block_1_9' title="bbox 251 2332 1283 2369">
    <p class='ocr_par' dir='ltr' id='par_1_9' title="bbox 251 2332 1283 2369">
     <span class='ocr_line' id='line_1_42' title="bbox 251 2332 1283 2369; baseline 0.005 -8"><span class='ocrx_word' id='word_1_247' title='bbox 251 2332 356 2369; x_wconf 86' lang='lat' dir='ltr'>Atque</span> <span class='ocrx_word' id='word_1_248' title='bbox 381 2332 492 2363; x_wconf 81' lang='lat' dir='ltr'>chorus</span> <span class='ocrx_word' id='word_1_249' title='bbox 518 2333 707 2366; x_wconf 68' lang='lat' dir='ltr'>coelestium.</span> <span class='ocrx_word' id='word_1_250' title='bbox 923 2332 1080 2365; x_wconf 80' lang='lat' dir='ltr'>idolorum</span> <span class='ocrx_word' id='word_1_251' title='bbox 1105 2334 1283 2367; x_wconf 76' lang='lat' dir='ltr'>obnoxium.</span> 
     </span>
    </p>
   </div>
  </div>
 </body>
</html>
