1651 2518
795 130 1045 164 —224—

702 240 765 271 396.
805 240 849 271 De
874 241 982 271 sancta
1001 240 1131 271 Martha.

818 307 865 336 Ad
883 307 1008 337 Laudes.

280 378 310 410 1.
336 378 435 410 Deum
462 385 567 408 verum
594 379 625 408 et
648 377 803 408 hominem
949 377 980 409 3.
1006 375 1073 407 Nos
1097 386 1117 408 a
1140 378 1279 416 peccatis
1304 379 1434 409 suscitet

336 425 465 456 Martha
489 424 608 463 recepit
632 423 766 462 hospita,
1005 423 1065 454 Per
1089 432 1199 462 preces
1225 425 1314 463 hujus
1339 425 1470 466 virginis

339 472 362 503 O
389 471 474 510 felix,
497 479 575 510 quae
598 470 772 509 promeruit
1005 469 1049 501 Et
1071 478 1127 501 nos
1152 470 1184 501 in
1209 472 1303 503 terris
1330 472 1470 511 hospites

336 518 463 549 Habere
485 519 605 548 tantum
629 517 794 555 hospitem.
1003 516 1021 548 J
1024 526 1042 547 n
1069 517 1163 548 coelis
1189 518 1271 549 cives
1296 517 1402 550 faciat.

278 576 308 606 2.
335 574 393 612 Qui
418 573 548 605 fratrem
572 582 659 604 suum
682 573 836 605 Lazarum
946 574 978 606 4.
1004 573 1149 604 Praestet
1172 573 1232 604 hoc
1256 576 1346 613 pater
1370 575 1505 614 optimus

338 620 512 652 Commotus
537 620 601 651 suis
624 619 771 659 precibus
1003 618 1067 650 Per
1090 619 1196 651 Jesum
1224 619 1377 652 Christum
1403 621 1511 661 filium,

335 667 579 705 Quatfiduanum
605 665 756 698 foetidum
1005 666 1063 704 Qui
1087 674 1191 697 secum
1215 666 1248 697 in
1273 671 1458 707 perpetuum

334 713 503 745 Suscitavit
528 723 548 745 a
572 713 711 753 mortuis,
1003 714 1130 756 Regnat
1154 722 1222 744 cum
1247 717 1355 746 sancto
1379 715 1502 753 spiritu.

349 779 435 805 BreV.
456 786 507 805 ms.
526 778 697 805 Zamorense
717 786 791 805 saec.
813 775 856 804 15.
878 777 946 805 Cod.
968 777 1060 813 Capit.
1081 778 1228 805 Zamoren.
1250 787 1272 805 s.
1292 787 1320 805 n.

701 915 765 946 397.
804 916 848 946 De
868 915 977 946 sancta
996 915 1126 946 Martha.

803 973 850 1002 Ad
868 973 1021 1010 Vesperas.

275 1044 305 1076 1.
331 1043 447 1083 Jesu,
474 1051 632 1074 corona
655 1043 883 1082 virginum,
943 1044 973 1076 3.
1000 1042 1249 1081 Quocunque
1271 1042 1427 1084 pergis,
1453 1043 1554 1082 peti-

330 1090 458 1121 Festum
485 1090 620 1120 colentes
644 1089 774 1129 virginis
1333 1098 1413 1120 mus

331 1137 478 1168 Emunda
500 1136 572 1167 labe
597 1136 734 1167 criminis
999 1136 1065 1167 Fac
1089 1144 1264 1175 sequamur,
1290 1136 1366 1169 Jesu
1390 1136 1453 1176 pie,

332 1184 425 1215 Malis
446 1184 572 1222 impone
595 1183 770 1216 terminum.
1001 1182 1047 1215 Ut
1072 1191 1233 1213 cernamus
1257 1183 1290 1213 in
1315 1183 1430 1222 specie,

1002 1230 1086 1269 Quae
1110 1238 1167 1268 spe
1190 1237 1300 1261 secura
1324 1230 1472 1270 gerimus

274 1288 305 1318 2.
332 1287 406 1325 Qui
429 1286 571 1326 pascis
594 1286 708 1317 inter
733 1286 850 1326 lilia,
942 1288 973 1319 4.
1000 1286 1055 1317 Te
1072 1286 1553 1327 deprecamur-largius,

329 1334 396 1365 Nos
420 1341 514 1373 pasce
539 1341 611 1364 rore
635 1333 764 1374 gratiae,
1000 1333 1024 1365 O
1051 1332 1169 1365 Christi
1193 1331 1271 1364 felix
1293 1333 1428 1373 hospita,

330 1380 374 1413 Ut
397 1382 469 1419 post
494 1388 617 1410 cursum
641 1380 785 1411 miseriae
998 1380 1088 1419 Auge
1111 1379 1201 1411 nobis
1225 1388 1284 1419 per
1307 1379 1431 1420 merita,

330 1427 489 1459 Sociemur
512 1426 544 1457 in
570 1426 679 1466 gloria.
997 1427 1062 1466 Quo
1086 1426 1226 1458 vivamus
1251 1425 1385 1458 felicius.

663 1484 693 1515 5.
719 1483 786 1514 Deo
811 1483 895 1522 patri
918 1484 962 1514 sit
984 1483 1094 1522 gloria.

343 1549 427 1576 Brev.
454 1556 506 1575 ms.
525 1547 696 1575 Toletanum
720 1556 794 1575 saec.
818 1547 861 1575 15.
882 1548 951 1576 Cod.
972 1548 1064 1583 Capit.
1086 1548 1220 1575 Toletani
1238 1546 1340 1576 33-9.
1361 1549 1394 1576 Α.
1414 1564 1447 1568 -
1471 1550 1554 1577 Brev.

268 1587 440 1614 Toletanum
453 1587 520 1620 imp.
535 1585 667 1612 Venetiis
683 1583 764 1613 1483.
776 1586 809 1613 Β.
823 1600 859 1604 —-
874 1586 954 1613 Brev.
967 1586 1140 1613 Toletanum
1152 1587 1221 1621 imp.
1235 1586 1365 1614 Venetiis
1381 1585 1462 1614 1492.
1478 1586 1507 1614 G.
1518 1602 1554 1606 —

270 1625 353 1651 Brev.
380 1625 552 1652 Tolotanum
579 1624 646 1658 imp.
675 1623 794 1659 Hispali
822 1621 893 1650 1493
915 1624 951 1650 D.
977 1638 1011 1642 —
1033 1624 1118 1650 Brev.
1138 1623 1310 1651 Toletanum
1335 1626 1403 1660 imp.
1423 1625 1555 1652 Venetiis

273 1660 353 1689 1506.
367 1662 402 1689 E.
417 1676 451 1681 ·-
467 1662 551 1688 Brev.
565 1660 788 1696 Pampilonense
808 1662 875 1696 imp.
898 1658 982 1688 15**.
997 1661 1029 1688 F.
1050 1675 1086 1679 -
1108 1659 1133 1696 1,
1153 1659 1171 1689 3
1185 1661 1313 1689 Absolve
1331 1671 1407 1689 nexu
1427 1663 1556 1690 criminis

271 1699 303 1726 F.
324 1714 360 1717 —
383 1698 406 1731 1,
431 1698 451 1727 4
471 1700 623 1734 imponens
643 1698 674 1725 F.
695 1713 731 1717 —
753 1697 780 1731 2,
800 1696 818 1726 3
836 1699 878 1726 Et
897 1699 933 1725 de
951 1698 1038 1734 eulpa
1056 1700 1205 1734 nequitiae
1223 1699 1255 1726 F.
1275 1714 1313 1718 —
1333 1698 1358 1733 2,
1381 1698 1400 1727 4
1419 1700 1480 1728 Nos
1501 1701 1556 1727 tibi

271 1737 428 1764 reconcilia
446 1737 478 1765 F.
498 1751 535 1755 —
554 1734 580 1770 3,
601 1734 618 1764 3
640 1737 702 1770 Quo
723 1744 882 1763 cernamus.
902 1737 934 1763 F.
956 1751 987 1755 —
1010 1736 1065 1763 Str.
1086 1735 1106 1764 4
1124 1737 1218 1764 lautet
1237 1737 1269 1763 in
1287 1737 1324 1764 F:

659 1775 706 1801 Te
726 1774 963 1810 deprecamur
983 1774 1142 1809 largius,

662 1812 701 1839 Ut
718 1820 769 1847 per
787 1812 920 1839 Marthae
939 1812 1079 1848 suffiagia

657 1849 730 1877 Post
747 1849 832 1885 hujus
851 1851 930 1877 vitae
949 1850 1045 1877 stadia

659 1887 841 1914 Renovemur
861 1888 892 1914 in
912 1887 1024 1915 melius.

342 1926 399 1952 Die
425 1927 520 1953 ersten
539 1925 639 1952 Zeilen
658 1925 730 1952 aller
752 1924 894 1961 Strophen
915 1925 980 1952 sind
1000 1925 1047 1953 die
1066 1925 1335 1962 Strophenanfange
1353 1926 1403 1954 des
1421 1926 1556 1961 Hymnus

267 1963 286 1990 J
289 1971 339 1990 esu
358 1971 465 1990 corona
482 1963 635 1999 virginum.

698 2099 762 2131 398.
801 2100 844 2131 De
864 2101 974 2131 sancta
992 2099 1122 2131 Martha.

783 2167 831 2196 Ad
850 2166 1036 2197 Nocturnum.

539 2235 569 2267 1.
595 2234 697 2266 Nocte
720 2238 881 2274 surgentes
904 2242 1128 2274 praeparemus
1151 2237 1281 2274 mentes,

596 2281 682 2313 Luce
706 2281 855 2313 virtutum
878 2284 914 2312 ut
934 2281 977 2312 sit
999 2281 1060 2312 iter
1083 2283 1196 2319 tutum,

595 2328 700 2367 Atque
725 2328 845 2359 devotis
873 2329 1072 2360 decantemus
1099 2328 1179 2359 votis

642 2374 784 2406 Dulciter
808 2375 949 2415 hymnos
