1651 2518
652 123 910 159 -149—

367 222 397 253 6.
424 220 480 262 Te,
506 227 611 251 rerum
636 219 767 260 genitor,
791 219 958 258 poscimus,
984 226 1086 250 annue

424 266 521 305 Quem
545 267 673 298 summis
699 267 838 298 celebrat
860 266 993 298 mundus
1016 265 1196 308 honoribus7

422 313 540 345 Nubila
563 316 669 354 tegeas
694 310 762 357 [sic]
801 336 1084 348 .........
1114 342 1120 348 .
1147 336 1153 345 .
1180 339 1189 345 .

466 360 550 393 Dum
575 361 674 393 nubes
698 363 752 392 tua.
775 359 909 392 fulserit.

212 426 296 453 Brev.
315 426 372 453 FP.
396 425 425 454 S.
444 425 618 460 Hieronymi
639 427 709 462 imp.
728 425 865 461 Lugduni
886 423 967 453 1547.
985 423 1020 452 A.
1041 439 1077 445 -κ
1096 425 1178 452 Brev.
1199 423 1255 452 FF.
1276 422 1305 452 S.
1322 424 1427 452 Hiero—

137 464 217 497 nymi
237 465 306 498 imp.
328 462 576 500 Caesaraugustae
600 461 681 491 1562.
701 464 734 491 Β.
754 477 791 482 -
812 461 837 495 6,
858 460 876 490 3
893 463 945 490 hat
962 463 986 490 B
1007 461 1129 490 treulich
1149 462 1372 496 nachgeclruekt.

468 581 536 612 249.
576 582 611 612 In
632 580 849 613 'I'ranslatione
869 589 893 612 S.
914 580 1099 620 Hieronymi.

671 658 719 688 Atl
739 658 892 696 Vesperas.

140 736 169 768 1.
194 735 352 776 Hymnum
375 745 489 768 novum
517 737 717 768 decantemus
814 738 844 771 3,
875 736 989 768 Verum
1011 736 1115 768 lumen
1138 739 1265 768 nostrae
1288 736 1372 768 vitae

240 782 414 815 Modulatis
439 783 577 822 vocibus,
916 783 1079 816 Petentem
1101 783 1303 825 Hebraicam,

197 829 423 869 Hieronymum
445 830 647 868 imploremus
872 829 971 861 Simul
997 829 1148 862 Graecam
1174 833 1206 861 et
1228 830 1373 862 Latinam

244 876 333 909 Pium
358 879 491 916 patrem,
519 877 661 909 omnibus
917 875 1070 918 Linguam
1095 880 1127 908 et
1150 877 1394 917 grammaticam,

195 922 241 955 Ut
264 923 410 966 adsistat,
434 922 619 955 festinemus
870 923 1066 955 Victorinum
1093 927 1260 963 oratorem,

243 970 379 1002 Sinceris
405 969 578 1002 affectibus.
917 969 947 1002 A
975 979 1035 1010 quo
1061 972 1092 1002 et
1115 971 1314 1003 rhetoricam.

139 1027 169 1058 2.
196 1026 350 1058 Mundum
375 1029 474 1058 totum
500 1030 748 1058 contemnentem
814 1028 846 1058 4.
872 1025 1111 1058 Sacrosanctum
1132 1027 1357 1066 scripturarum

244 1074 296 1105 Ex
320 1073 479 1105 Stridonis
502 1073 631 1113 oppido,
917 1073 1105 1114 Abyssalem
1131 1072 1261 1105 fluvium

195 1119 407 1159 Eremumque
431 1121 587 1152 sitientem
872 1120 909 1151 In
929 1122 1099 1151 torrentem
1124 1129 1215 1160 quam
1232 1121 1428 1160 praeclarum

244 1167 295 1199 Ex
319 1169 412 1206 patre
434 1166 583 1207 Eusebio,
921 1166 1021 1199 Auxit
1049 1170 1081 1198 et
1102 1168 1316 1206 praeconium,

198 1212 309 1245 Nobili
332 1223 372 1247 ex
395 1213 495 1253 stirpe
518 1217 626 1245 natum
872 1213 1070 1246 Effundendo
1093 1214 1186 1246 rebus
1211 1214 1351 1256 planum,

243 1259 364 1294 Confini
388 1261 558 1294 Pannonio.
917 1261 1006 1299 Quod
1030 1262 1099 1293 erat
1122 1264 1185 1293 tam
1210 1270 1366 1300 asperum.

481 1319 511 1350 5.
537 1317 653 1357 Decus⁷
680 1317 779 1349 honor
798 1316 866 1349 Deo
890 1316 975 1356 patri

578 1363 628 1395 Sit,
650 1364 779 1403 ejusque
800 1362 867 1396 filio

530 1411 598 1442 Nec
620 1418 683 1442 non
704 1410 829 1451 spiritui
853 1414 971 1451 saneto,

576 1457 707 1489 Doctori
732 1457 855 1497 eximio,

529 1505 628 1544 Quem
651 1505 791 1536 salvator
815 1505 997 1536 sublimavit

578 1551 775 1590 Sempiterno
800 1552 935 1584 saeculo.

215 1617 298 1645 Brev.
323 1625 375 1644 ms.
402 1616 458 1644 FF.
486 1616 514 1643 S.
535 1615 708 1652 Hieronymi
733 1616 802 1643 anni
832 1613 912 1644 1463.
946 1616 1015 1644 Cod.
1036 1617 1181 1644 Matriten.
1200 1617 1234 1645 A.
1258 1615 1319 1645 169.
1338 1618 1373 1645 A.
1393 1632 1430 1636 ——

137 1656 240 1683 Dium.
268 1662 320 1682 mS.
339 1654 396 1682 FF.
417 1653 446 1681 S.
466 1654 640 1687 Hieronymi
659 1662 733 1681 saec.
756 1652 799 1681 15.
830 1653 897 1682 Cod.
918 1654 947 1682 S.
967 1654 1145 1682 Ferdinandi
1162 1654 1310 1682 Matriteu.
1333 1653 1376 1683 13.
1397 1656 1429 1683 Β,

136 1710 142 1714 ³
201 1693 285 1721 Brev.
310 1692 366 1719 FF.
388 1691 416 1719 S.
437 1691 610 1725 Hieronymi
635 1693 703 1727 imp.
723 1691 859 1728 Lugduni
887 1690 967 1719 1547.
989 1692 1018 1719 C.
1041 1706 1077 1711 —
1097 1692 1180 1720 Brev.
1200 1692 1256 1720 FF.
1277 1693 1306 1720 S.
1326 1694 1430 1721 Hiero-

135 1733 217 1765 nymi
235 1732 305 1767 imp.
326 1730 575 1765 Caesaraugustae
600 1726 679 1757 1562.
701 1729 737 1757 D.
757 1744 794 1748 —-
813 1729 880 1765 Vgl.
899 1730 987 1757 Mone
1005 1729 1060 1763 111,
1078 1727 1144 1758 338.

473 1859 540 1891 250.
571 1858 608 1891 In
627 1858 844 1891 Translatione
863 1867 886 1891 s.
905 1859 1092 1897 Hieronymi.

655 1936 703 1966 Ad
723 1935 911 1966 Nocturnum.

409 2016 440 2049 1.
465 2015 586 2047 Chorus
610 2013 752 2047 fidelium
776 2016 894 2055 pangat
917 2013 1051 2054 angelici

465 2062 574 2095 Sancti
599 2062 810 2102 praeconium,
836 2062 941 2102 magni
965 2062 1160 2103 Hieronymi,

464 2109 600 2142 Cultoris
626 2109 731 2150 eremi,
761 2109 865 2141 fidelis
889 2109 1016 2141 Domini

509 2157 554 2190 Et
578 2157 716 2190 doctoris
741 2156 857 2189 eximii.

404 2226 437 2259 2.
462 2224 576 2256 Totum
601 2232 637 2255 se
659 2222 808 2264 praebuit
831 2222 892 2255 Dei
917 2223 1055 2263 obseqio‚

461 2272 539 2305 Cum
563 2272 715 2304 mundum
740 2270 845 2303 renuit
868 2270 964 2303 dante
987 2280 1021 2303 se
1044 2272 1206 2313 monacho,

461 2320 552 2360 Quod
576 2319 638 2352 sibi
664 2318 808 2351 condidit
831 2320 864 2350 et
887 2319 952 2350 suis
975 2319 1111 2359 posteris

507 2368 606 2401 Juxta
629 2375 783 2407 praesepe
807 2365 944 2399 Domini.
