1651 2518
797 130 1050 163 -222—

954 226 983 257 4.
1011 223 1103 263 Laus,
1129 224 1237 264 honor,
1265 224 1373 264 virtus,
1399 224 1499 264 gloria

1010 269 1077 302 'Deo
1102 271 1186 310 patri
1211 274 1243 302 et
1267 269 1342 310 filio,

1012 318 1126 349 Sancto
1147 318 1239 349 simul
1262 318 1415 356 paraclito

1011 364 1048 395 In
1072 365 1265 396 saeculorum
1291 365 1426 398 saecula..

348 428 431 455 Brev.
462 436 514 454 ms.
539 428 709 456 Toletanum
741 436 815 455 saec.
848 426 890 455 14.
921 429 989 456 Cod.
1014 428 1107 455 Palat.
1132 429 1277 457 Matriten.
1302 426 1358 456 214
1387 427 1496 464 (2132).
1525 444 1563 450 —-

275 463 298 499 1,
320 463 337 491 2
356 465 545 493 Debellatrix.
741 483 753 495 .

278 224 309 255 3.
336 223 431 263 Virgo
457 223 517 254 Dei
541 224 746 264 sanctissima,

338 270 434 309 Apud
459 269 615 301 Christum
639 280 697 302 nos
721 270 846 309 adjuva,

337 316 382 348 Ut
406 316 563 348 valeamus
589 326 702 356 capere

338 364 398 395 Per
423 367 454 395 tc
476 372 574 403 regna
597 363 754 397 coelestia.

709 573 774 606 392.
813 575 856 605 De
875 576 983 606 sancta
1001 574 1129 606 Mariua.

786 650 835 679 Ad
853 650 1041 680 Nocturnum.

949 731 980 762 4.
1006 729 1095 760 Haec
1119 731 1166 761 est
1192 730 1258 762 dies
1282 730 1487 770 sanctissima,

1005 777 1043 808 In
1071 785 1133 816 qua
1157 777 1243 816 virgo
1270 776 1451 816 dignissima

1007 822 1067 853 Per
1091 823 1282 862 triumphum
1306 824 1450 863 martyrii

1008 869 1089 900 Vicit
1111 870 1210 901 minas
1236 869 1370 909 Olybrii.

276 727 306 759 1.
332 728 460 759 Festum
486 729 630 760 Marinae
653 728 783 770 virginis

337 774 535 806 Celebromus
562 783 630 806 cum
656 775 795 815 canticis,

332 822 378 854 Ut
402 822 433 852 in
460 821 511 853 die
531 822 643 860 judicii

331 867 432 899 Simus
457 870 633 900 sanctorum
658 869 744 901 socii.

273 934 303 964 2.
332 933 409 965 Nam
434 933 490 965 illa
516 934 597 965 <lona
621 935 714 973 petiit
950 937 982 969 5.
1008 934 1149 975 Uterque
1173 944 1265 967 sexus
1288 936 1425 975 gaudeat

329 980 371 1011 Et
395 980 537 1011 exaudiri
562 982 673 1012 meruit
1003 981 1046 1013 Et
1069 985 1173 1022 grates
1198 983 1265 1014 Deo
1290 981 1409 1014 referat

333 1027 393 1058 Pro
419 1027 560 1058 omnibus
586 1028 761 1059 viventibus
1005 1029 1041 1059 In
1065 1029 1209 1061 Marinae
1232 1027 1335 1061 officio

334 1073 429 1104 Suum
453 1072 568 1104 festum
593 1074 775 1105 colentibus.
1002 1075 1047 1106 Et
1071 1076 1137 1115 ejus
1159 1076 1316 1109 natalitio.

276 1139 307 1171 3.
333 1138 376 1171 Ut
401 1139 433 1170 in
457 1140 613 1177 praesenti
639 1140 796 1179 gaudeant
946 1142 977 1173 6.
1004 1140 1028 1172 O
1055 1141 1141 1181 virgo
1166 1140 1359 1181 felicissima,

329 1185 373 1216 Et
395 1186 428 1217 in
453 1184 557 1217 futuro
582 1186 716 1218 subeant
1002 1186 1123 1226 Sponsa
1148 1187 1264 1219 Christi
1288 1188 1457 1228 carissima,

1002 1233 1115 1265 Obtine
1137 1235 1227 1266 nobis
1251 1235 1374 1276 gaudia,

1002 1280 1087 1318 Quae
1109 1282 1251 1320 possides
1276 1281 1309 1312 in
1333 1281 1443 1321 gloria.

328 1232 365 1263 In
389 1240 492 1264 arcem
516 1233 598 1272 regis
623 1234 749 1272 gloriae,

328 1278 391 1310 Ubi
416 1279 524 1310 vivant
545 1279 578 1310 in
604 1280 719 1319 requie.

636 1346 667 1376 7.
693 1343 763 1376 Hoc
782 1347 923 1383 praestet
946 1347 1055 1376 sancta
1080 1344 1204 1376 trinitas

690 1391 734 1422 Et
755 1390 891 1422 indivisa
915 1392 1026 1430 unitas,

690 1439 832 1470 Summus
856 1440 948 1476 pater
973 1446 1039 1469 eum
1064 1436 1129 1469 filio

691 1484 732 1515 Et
756 1484 869 1522 spiritu
894 1484 1057 1524 paraclito.

344 1547 425 1574 Brev.
445 1555 498 1574 ms.
518 1546 691 1574 Toletanum
711 1546 877 1576 ὅπα-14115.
905 1547 972 1575 Cod.
993 1548 1081 1575 Univ.
1100 1548 1248 1575 Matriten.
1268 1545 1305 1574 48
1324 1545 1446 1582 (92—1).
1466 1549 1499 1576 A.
1520 1562 1555 1568 -—

268 1584 519 1649 ΒΓΙε-νὶέὲὲῑὶῧῃεε
542 1586 610 1620 imp.
636 1585 831 1613 Salmanticae
858 1584 940 1613 1501.
967 1586 1000 1613 Β.
1026 1599 1061 1603 ——-
1082 1585 1165 1612 BreV.
1192 1585 1375 1613 Cordubense
1399 1586 1468 1622 imp.
1488 1586 1557 1613 His-

268 1629 329 1656 pax
425 1641 431 1647 .
477 1641 483 1647 .

701 1731 766 1764 393.
805 1732 847 1764 Do
866 1733 976 1764 sancta
993 1732 1122 1763 Mariua.

271 1811 301 1843 1.
329 1810 538 1842 Salamandra
563 1811 639 1843 vivit
661 1812 733 1852 igne

327 1857 394 1888 Nec
417 1858 449 1889 in
474 1858 546 1897 igne
571 1859 773 1898 comburitur,

327 1903 379 1936 Sic
403 1908 487 1936 tuum
515 1913 625 1944 corpus
650 1906 770 1946 insigne

325 1951 353 1982 F
356 1959 465 1983 crvore
489 1960 551 1982 non
576 1952 796 1992 corrumpitur.

268 2018 299 2048 2.
325 2017 407 2048 Dum
433 2016 540 2048 vixisti
564 2020 629 2048 tam
653 2018 786 2058 benigne

325 2065 412 2096 Inter
434 2063 518 2095 viros
542 2064 726 2106 perlegitur,

327 2110 415 2142 Nihil
440 2110 531 2150 egisti
554 2112 699 2152 maligne,

324 2157 393 2188 Nec
415 2160 470 2189 tua
492 2166 577 2189 mors
600 2158 749 2190 inficitur.

267 2225 298 2257 3.
322 2224 529 2256 Cameleontis
553 2226 666 2257 natura

322 2270 436 2303 Mundi
459 2270 551 2310 hujus
576 2272 732 2312 ergastulo

327 2317 440 2349 Vixisti
462 2318 527 2356 Jam
550 2318 618 2349 Deo
643 2328 724 2358 pura

322 2364 416 2395 Flatu
443 2365 546 2396 divino
568 2366 686 2404 patulo.

940 1813 971 1844 4.
998 1811 1134 1850 Spiritus
1159 1813 1232 1844 almi
1258 1820 1389 1843 censura

998 1858 1044 1889 Te
1066 1859 1177 1899 pungit
1199 1859 1232 1890 in
1256 1858 1316 1890 hoc
1340 1858 1473 1899 saeculo,

999 1904 1043 1937 Ut
1069 1906 1133 1937 vita
1156 1915 1268 1946 nempe
1291 1904 1398 1936 futura

1001 1951 1061 1983 Dei
1083 1951 1198 1984 fruaris
1223 1952 1362 1992 speculo.

946 2020 975 2051 5.
1004 2017 1090 2049 Sicut
1115 2019 1204 2058 talpa
1227 2018 1294 2050 sola
1317 2020 1403 2050 terra

1001 2065 1117 2096 Vivens
1141 2074 1255 2105 nempe
1278 2063 1427 2104 reficitur,

997 2111 1064 2143 Tua
1087 2112 1153 2143 vita
1177 2112 1244 2143 sine
1267 2119 1379 2150 guerra

996 2158 1156 2189 Terrenae
1178 2157 1283 2190 fossae
1305 2158 1451 2191 traditur.

940 2226 970 2258 6.
996 2223 1118 2264 Lingua
1142 2225 1286 2257 scindens
1311 2226 1397 2257 velut
1421 2234 1511 2257 serra

995 2270 1093 2302 Tuam
1118 2270 1233 2303 famam
1256 2272 1467 2313 persequitur,

995 2317 1147 2350 Gestabas
1171 2319 1292 2358 peccati
1317 2318 1412 2360 ferra,

992 2364 1066 2396 Tibi
1090 2366 1205 2398 crimen
1232 2367 1412 2406 apponitur.
