1651 2518
672 103 923 139 —105—

423 201 455 232 4.
481 200 609 238 Adjuva
632 200 730 239 gratis
753 199 901 238 precibus
923 199 1067 230 labantes

476 245 520 277 Et
543 249 607 286 tua,
633 247 769 285 Disma5‚
794 247 914 285 pietate
937 246 1028 277 nobis

479 293 551 325 Jam
577 293 655 324 velis
675 301 780 324 coram
805 301 919 332 supero
943 293 1046 323 nitore

527 339 627 370 Tutor
652 340 772 371 adesse.

421 406 452 437 5.
479 404 625 436 Praestet
649 405 709 436 hoc
731 403 821 435 nobis
848 404 948 435 deitas
973 404 1066 435 heata

481 451 586 482 Patris
609 459 646 482 ac
670 452 737 482 nati
761 450 943 489 pariterque
968 450 1069 481 sancti

479 497 628 537 Spiritus,
655 498 743 537 quus
767 497 877 528 reboat
902 498 935 528 in
960 498 1043 529 omni

531 544 642 578 Gloria
665 544 792 577 mundo.

225 611 309 638 Brev.
330 610 508 646 Segoviense
526 611 595 645 imp.
615 610 792 637 Vallisoleti·
805 607 886 636 1527.

515 720 574 751 157.
614 721 658 751 De
678 728 701 752 s.
723 718 877 751 Dominieo
899 718 1096 750 Calciatensi.

650 796 685 825 In
704 797 793 833 Vesp.
815 798 844 825 et
862 795 955 825 Laud.

425 874 456 906 1.
482 874 576 906 Orbis
603 876 735 916 creator,
760 873 895 904 hominis
919 873 1102 913 plasmator,

483 921 609 961 Rector,
632 921 824 959 redemptor,
851 920 998 951 vitiorum
1024 920 1178 961 demptor,

484 968 603 999 Veniae
628 968 729 1008 dator,
756 967 840 998 vitae
863 970 1029 1006 reparator

532 1014 673 1046 Luminis
698 1015 825 1046 auctor!

425 1081 456 1113 2.
482 1079 567 1111 Huic
590 1079 672 1112 festo
694 1079 781 1121 justi,
808 1078 915 1117 sobrii,
941 1080 1075 1118 venusti,

483 1126 631 1169 Humilis,
657 1127 744 1166 laeti,
770 1126 826 1165 pii,
851 1126 1015 1169 mansueti,

485 1174 571 1214 Veri,
596 1174 714 1214 pudici,
741 1172 815 1204 almi
839 1172 997 1204 Dominici

530 1220 648 1252 Libens
673 1221 794 1252 adesto.

427 1288 458 1319 3.
484 1286 551 1317 Fac
574 1296 631 1318 nos
655 1287 716 1318 hoc
739 1284 854 1317 festum
878 1286 1000 1325 pellens
1025 1293 1116 1316 omne
1136 1286 1298 1322 maestum,

488 1334 565 1366 Jesu
589 1334 731 1374 benigne,
758 1332 920 1364 celebrare
945 1333 1039 1372 digne

489 1380 624 1420 Hymnis
648 1389 687 1412 ao
710 1388 787 1412 voce
811 1380 1008 1419 clemensque
1032 1380 1159 1419 ignosce

538 1427 639 1459 Nobis
662 1427 810 1467 indignis.

432 1494 463 1525 4.
489 1492 570 1524 Dele
594 1495 708 1535 reatus,
734 1492 811 1523 tolie
837 1492 1004 1532 cruciatus,

486 1540 617 1571 Morbos
641 1539 766 1579 expelle
787 1539 890 1578 sitque
913 1542 1001 1569 tuum
1025 1538 1107 1570 veile

486 1587 525 1619 In
548 1587 638 1618 nobis
662 1594 784 1627 purum,
809 1594 934 1625 semper
957 1588 992 1616 ut
1017 1585 1183 1617 obscurum

536 1633 628 1665 Desit
650 1634 683 1665 in
707 1635 822 1665 mente.

432 1701 463 1732 5.
488 1699 578 1731 Patri
602 1708 640 1731 ac
664 1699 746 1739 proli
770 1697 958 1739 flaminique,
984 1699 1044 1730 soli

488 1745 556 1777 Deo
580 1746 622 1778 sit
645 1747 727 1778 trino
751 1745 830 1785 laus,
856 1745 956 1777 honor
980 1748 1012 1776 et
1035 1754 1151 1784 aequus

489 1793 548 1832 Qui
572 1794 655 1832 regit
677 1793 793 1833 polum,
819 1792 966 1832 abyssum
993 1795 1024 1823 et
1048 1792 1147 1824 solum

535 1840 628 1871 Nunc
651 1843 682 1871 et
705 1841 738 1871 in
763 1847 882 1872 aevum.

239 1907 324 1934 Brev.
352 1915 405 1934 ms.
426 1904 679 1941 Calagurritanum
704 1912 778 1933 saec.
798 1902 841 1932 14.
863 1904 931 1932 Cod.
953 1904 1156 1932 Salmantieen.
1178 1902 1240 1932 186.
1260 1905 1294 1932 A.
1314 1920 1352 1924 —
1370 1906 1454 1933 Brev.

164 1945 418 1980 Calagurritanum
438 1946 468 1970 et
487 1942 667 1971 Calciatense
685 1944 754 1979 imp.
773 1942 913 1970 Lucronii
934 1940 1014 1970 1543.
1034 1943 1068 1971 B.

515 2054 575 2086 158.
614 2055 657 2086 De
678 2062 702 2085 s.
724 2052 878 2085 Dominico
900 2052 1096 2085 Calciatensi.

677 2131 725 2161 Ad
745 2129 936 2160 Nocturnum.

433 2213 464 2246 1.
492 2210 660 2244 Confessor
683 2211 745 2242 iste
767 2209 893 2249 meruit,
918 2218 936 2240 o
961 2209 1096 2249 Christe,

491 2259 593 2291 Coelis
617 2258 716 2298 beari,
742 2257 836 2288 terris
860 2257 1016 2297 venerari,

489 2307 548 2345 Qui
571 2306 630 2338 tibi
654 2309 738 2338 totus
764 2304 887 2336 exstitit
911 2304 1042 2337 devotus

536 2354 676 2394 Corpore
701 2356 731 2385 et
756 2354 870 2384 mente.
