1651 2518
670 88 904 123 *29*

416 185 446 218 4.
474 185 595 216 Nomen
623 186 782 217 aeternam
808 183 948 217 referens
972 185 1116 224 salutem,

474 231 580 263 Morte
606 240 698 270 quam
723 231 813 264 nobis
838 232 968 272 propria
991 232 1126 263 redemit

472 277 633 309 Perditam
658 279 753 316 primi
775 278 851 310 vitio
875 279 1017 317 parentis

520 323 594 356 Non
621 324 702 356 bene
727 325 819 357 cauti.

419 418 449 449 5.
478 415 617 448 Gloriam
644 416 729 456 patri
751 415 892 448 referant
914 416 1008 452 beati,

476 463 615 495 Gloriam
642 466 715 494 nato
736 463 846 502 populi
871 463 1036 503 redempti,

475 509 613 541 Flamini
638 512 747 541 sancto
772 510 840 541 sine
862 509 926 542 fine
948 510 1059 542 laudes

521 556 673 589 concinat
698 556 792 588 orbis,

225 630 309 658 Brev.
330 631 527 658 Pallantinum
554 633 622 666 imp.
646 631 811 659 Pallantiae
838 628 918 659 1545.
937 632 971 659 A.
997 649 1003 650 ff
1059 631 1140 659 Brcv.
1163 630 1346 659 Cordubense
1369 633 1438 666 imp.

152 668 301 696 Cordubae
325 666 404 696 1557.
425 669 458 696 B.
479 684 515 688 —
537 669 618 696 Brev.
640 668 706 696 Ord.
727 668 757 696 S.
777 669 889 696 Mariae
909 668 943 696 de
962 668 1095 696 Mercede
1114 670 1182 704 imp.
1202 669 1337 705 Lugduni
1360 666 1440 696 1560.

149 706 181 733 Cf
202 719 237 724 —-
258 707 342 734 Brev.
363 706 555 742 §eguminum
578 707 647 740 imp.
669 705 827 742 Seguntiae
857 704 938 734 1561.
958 706 994 734 D.
1015 721 1052 725 -
1070 706 1127 734 Die
1146 706 1288 741 Strophcn
1308 704 1326 732 2
1344 707 1405 734 und
1424 704 1441 734 3

149 745 251 808 nurLiu
262 742 405 810 dQA-ED4,
428 741 445 770 2
465 744 560 771 Morte
580 752 638 779 qua
658 752 711 771 nos
731 745 850 780 propria
868 745 904 771 D.
920 759 955 764 —
978 745 1037 771 Der
1057 744 1190 780 Hymnus
1211 744 1291 773 client
1308 745 1340 772 in
1350 744 1438 780 Vesp-

150 784 178 809 et
224 789 261 809 au
283 800 288 806 .
391 801 396 807 .

615 923 640 954 6.
688 923 731 954 De
751 922 876 955 Nomine
896 924 978 955 Jesu.

667 1018 715 1047 Ad
735 1018 923 1049 Nocturnum.

423 1114 453 1148 1.
480 1115 583 1147 Nocte
606 1115 773 1155 psallendo
797 1115 907 1155 vigilet
927 1115 1050 1154 piorum

480 1162 598 1201 Turba,
625 1165 657 1194 te
681 1163 789 1195 Jesum
814 1171 999 1195 veneremur
1023 1170 1138 1202 omnes,

481 1208 524 1241 Et
549 1212 637 1241 tuum
660 1217 772 1241 nomen
797 1208 906 1241 famuli
932 1217 1077 1241 canamus

531 1255 674 1296 Supplici
694 1259 807 1288 mente.

423 1352 455 1382 2.
481 1350 622 1383 Trinitas
647 1359 760 1382 nomen
787 1350 875 1382 dedit
899 1351 969 1390 hoc,
996 1350 1121 1382 vocavit

482 1397 589 1438 Virgo,
617 1406 709 1437 quam
733 1399 821 1438 prius
849 1397 954 1429 docuit
978 1397 1106 1437 superni

486 1444 622 1477 Nuntius
646 1453 758 1476 nomen
782 1445 965 1485 pariterque
989 1453 1113 1476 causam

527 1491 671 1523 Nominis
696 1492 778 1524 almi.

425 1588 458 1619 3.
485 1586 629 1626 Namque
653 1594 721 1618 eum
746 1586 835 1627 virgo
858 1587 997 1618 thalamo
1020 1587 1136 1617 lateret

481 1633 600 1665 Mentis
623 1633 657 1665 in
684 1633 787 1665 coelos
813 1633 911 1665 oculis
934 1633 1058 1673 levatis,

484 1680 603 1713 Missus
628 1689 646 1711 e
670 1681 758 1711 coelo
783 1679 914 1712 Gabriel
938 1682 1069 1720 repente

529 1727 683 1767 Angelus*
695 1727 804 1759 intrat.

424 1824 457 1857 4.
484 1821 619 1854 Nuntiat
642 1830 768 1854 sacrum
792 1821 921 1854 radians
946 1824 978 1853 et
1001 1821 1111 1861 ingens

481 1869 605 1902 Nomen
628 1869 814 1900 immensum
837 1868 906 1900 sine
929 1868 992 1901 fine
1012 1869 1034 1902 J
1036 1876 1101 1907 esu,

486 1917 613 1949 Summa
638 1917 722 1957 quod
746 1916 848 1947 solum
872 1916 945 1948 tulit
968 1916 1115 1949 universo

530 1964 655 1997 Gaudia
679 1963 807 1997 mundo.

425 2062 456 2094 5.
483 2059 610 2093 Gratias
635 2059 720 2099 patri
744 2058 873 2090 meritas
899 2066 1036 2097 agamus,

484 2107 611 2140 Gratias
634 2108 712 2140 Jesu
737 2105 804 2137 sine
828 2104 890 2137 fine
916 2104 1050 2148 Christo,

482 2157 622 2188 Pneuma
646 2153 822 2194 procedens
848 2152 887 2184 ab
912 2155 1045 2192 utroque
1069 2154 1193 2184 nostras

527 2202 650 2242 Accipe
673 2204 790 2242 grates,

222 2281 308 2308 Brev.
334 2279 537 2307 Pallantinum
564 2278 633 2314 imp.
653 2276 822 2305 Pallantiane
848 2272 931 2303 1545.
951 2272 986 2301 A.
1007 2289 1046 2294 —
1062 2274 1148 2302 Brev.
1169 2274 1354 2304 Cordubense
1379 2277 1448 2311 imp.

148 2319 302 2348 Cordubae
323 2316 406 2346 1557.
429 2318 461 2345 Β.
482 2330 517 2335 —
539 2316 624 2343 Brev.
645 2315 713 2343 Ord.
734 2314 763 2342 S.
783 2313 895 2341 Mariae
914 2312 950 2340 de
968 2312 1105 2341 Mercede
1124 2314 1194 2348 imp.
1210 2313 1347 2350 Lugduni
1369 2312 1450 2342 1560.

147 2359 178 2387 C.
201 2372 235 2377 ——
256 2357 341 2385 Brev.
368 2355 561 2393 Seguntinum
581 2355 651 2390 imp.
673 2352 831 2390 Seguntiae
852 2348 932 2379 1561.
953 2351 989 2378 D.
1011 2365 1048 2370 —
1068 2351 1124 2379 Str.
1146 2348 1164 2380 3
1183 2352 1243 2380 und
1261 2350 1280 2380 4
1298 2360 1353 2380 nur
1372 2353 1404 2382 in
1419 2352 1449 2383 C.
