1651 2518
767 115 996 150 „78-

244 211 272 241 5.
298 209 387 241 Haec
412 211 459 241 est
481 210 586 242 Maria
606 212 702 251 regia,
912 214 942 244 6.
968 212 1050 244 Laus
1076 221 1148 253 ergo
1173 213 1215 243 sit
1237 213 1384 252 ingen-ito,

298 256 498 289 Feminarum
522 258 681 297 primaria,
972 258 1056 290 Laus
1082 260 1147 299 ejus
1170 259 1328 299 unigenito

299 302 395 335 Velut
417 313 538 344 gemma
563 305 736 336 clarissima
971 306 1047 338 Cum
1071 306 1184 346 spiritu
1207 306 1360 344 paraciito

301 349 393 381 Clare
416 349 539 390 fulgens
563 352 755 390 producitur.
970 353 1031 384 Pro
1055 354 1167 384 Annae
1191 351 1258 383 fetu
1280 353 1398 385 inc]ito.

314 415 397 442 Brev.
423 423 475 442 ms.
495 415 669 451 Hispalensc
693 424 767 443 saec.
797 413 840 442 15.
862 415 929 443 Cod.
949 417 1071 443 Parisin.
1100 413 1134 444 13
1142 413 1206 444 234.
1226 417 1259 443 A.
1284 431 1319 435 —
1339 417 1423 444 Brev.
1443 416 1524 444 Corn-

240 452 433 486 postcllanum
459 453 517 487 imp
549 453 742 480 Salmanticae
764 451 841 481 1569.
863 453 895 480 Β.
916 468 953 473 —-
974 452 998 484 1.
1020 452 1035 480 1
1057 454 1148 487 Quem
1166 454 1225 481 AB.
1249 469 1286 473 —
1312 452 1336 487 1,
1363 452 1380 481 3
1401 453 1526 481 Excelsa

240 488 273 515 Β.
297 505 312 509 -
324 505 333 509 -
353 487 379 521 3,
400 488 417 516 2
436 492 470 517 ut
487 491 518 516 in
531 490 645 518 saeculo
660 491 691 518 Β.
712 505 750 510 -—
770 489 796 522 3,
817 488 834 517 3
848 491 920 518 fehlt
932 492 997 518 eine
1009 491 1102 526 Silbe3
1124 491 1245 526 ergfinze
1257 500 1309 526 pro
1322 491 1378 519 hoo
1390 490 1524 519 saeculo?

242 542 278 546 —
299 524 325 560 3,
345 525 364 554 4
383 528 510 562 concipit
527 528 560 554 A.
581 543 618 546 —
638 526 663 563 5,
684 526 702 554 2
720 529 850 563 primitia
866 528 899 555 B.
919 542 956 547 —
975 527 1001 561 5,
1024 526 1041 556 3
1060 536 1173 565 gemma
1192 530 1331 564 primaria
1347 529 1382 556 A.

701 664 761 697 103.
793 664 837 695 De
857 665 964 696 sancta
983 665 1079 696 Anna.

753 731 802 761 Ad
821 731 1009 762 Nocturnum.

512 799 542 831 1.
568 799 660 830 Nunc
684 799 862 832 sacerdotes
886 801 991 832 media
1014 801 1071 832 sub
1096 800 1216 841 umbra,

568 846 670 888 Anna,
698 849 885 886 consurgunt.
909 847 968 878 tibi
993 848 1200 887 concinentes,

570 892 666 925 Gesta
689 894 840 925 virtutum
863 892 1006 926 referunt
1027 897 1150 927 tuarum

616 940 744 972 Cantica
765 940 902 972 laudum.

510 1015 540 1045 2.
568 1014 699 1055 Coniugi
724 1017 807 1046 casto
831 1014 1035 1055 Joachimque
1056 1017 1156 1055 nupta

568 1060 663 1092 Lucri
685 1061 813 1100 partiris
837 1061 920 1092 bona
945 1065 1056 1093 cuncta
1079 1062 1214 1104 templis,

567 1108 703 1147 Pauperi
730 1108 840 1139 turbae
866 1108 970 1140 domni
993 1112 1135 1148 tuaeque,

612 1154 743 1186 Femina
766 1155 915 1194 prudens,

511 1229 541 1260 3.
567 1228 675 1267 Nupta
698 1238 791 1268 agens
815 1237 911 1260 annos
935 1229 1058 1261 steriles
1082 1229 1204 1270 viginti,

569 1275 705 1307 Coelitus
729 1275 857 1307 tandem
881 1275 1020 1307 sobolem
1043 1278 1197 1316 receptas,

569 1321 653 1360 Quae
676 1322 778 1353 Deum
802 1322 880 1353 coeli
906 1323 1124 1362 dominumque
1147 1325 1251 1354 terrae

613 1368 662 1400 Sit
684 1369 835 1407 paritura.

509 1443 540 1474 4.
566 1443 614 1474 Tu
638 1443 713 1473 viris
736 1443 856 1474 nubens
881 1443 951 1474 aliis
977 1444 1095 1475 duobus

565 1489 624 1520 His
651 1490 727 1521 duas
752 1490 851 1530 gignis
876 1490 954 1521 alias
978 1491 1109 1533 puellas,

563 1535 663 1567 Filios
687 1545 766 1575 quae
790 1536 888 1568 edunt
908 1536 1035 1568 Domini
1059 1537 1216 1569 ministros

610 1582 859 1622 Discipulosque.

510 1659 540 1689 5.
567 1657 626 1695 Qun·
646 1660 778 1697 pontens
803 1657 904 1688 trinus
925 1660 1017 1696 pater
1041 1660 1149 1698 estque
1171 1660 1273 1698 natus,

566 1703 701 1743 Spiritus
725 1706 861 1742 sanctus,
886 1704 971 1735 Deus
997 1707 1045 1736 est
1069 1708 1098 1736 et
1123 1713 1212 1745 unus,

564 1750 601 1782 In
626 1751 687 1782 tuis
715 1750 804 1782 festis
828 1754 1000 1793 resonetur‚
1025 1753 1126 1791 Anna,

608 1798 693 1829 Voce
716 1797 813 1830 fideli.

312 1863 396 1889 Brev.
417 1863 446 1890 S.
467 1862 616 1889 Benedicti
631 1862 823 1890 Valisoletani
843 1863 912 1898 imp.
925 1863 1081 1890 Valisoleti
1100 1860 1180 1891 1538.
1200 1863 1234 1890 A.
1253 1878 1291 1882 —
1305 1864 1388 1890 Brev.
1404 1863 1522 1892 Caesar-

239 1902 431 1935 augustanum
455 1900 523 1935 imp.
545 1900 791 1935 Caesaraugustae
818 1898 898 1927 1544.
918 1901 951 1927 B.
971 1915 1007 1918 —
1026 1901 1072 1928 Ad
1090 1901 1178 1935 Vesp.
1205 1903 1234 1927 et
1253 1901 1368 1928 Laudes
1396 1901 1445 1928 der
1465 1901 1523 1927 alte

238 1937 384 1973 Hymnus:
406 1938 491 1966 Orbis
512 1938 657 1965 exsultans
678 1938 808 1965 celebret.

657 2074 718 2107 104.
750 2075 793 2106 De
814 2074 919 2105 sancto
939 2073 1099 2105 Antonino.

775 2140 822 2170 Ad
840 2140 993 2177 Vesperas.

507 2210 537 2242 1.
564 2209 654 2241 Cives
679 2209 817 2242 aetherei
840 2208 995 2247 laudibus,
1020 2209 1137 2247 inclite,

563 2256 706 2296 Pangant
728 2260 815 2296 gesta
837 2256 884 2286 tui
907 2255 1035 2287 coelitus
1061 2256 1181 2295 ordine,

563 2304 721 2336 Antonine
743 2307 843 2343 pater,
869 2311 925 2333 nos
949 2302 1007 2333 tibi
1030 2303 1169 2341 psallere

610 2350 766 2383 Debemus
790 2350 882 2382 modo
908 2349 1050 2381 dulciter.
