1651 2518
762 122 992 159 -55-

625 220 658 252 3.
685 219 795 251 Gloria
818 219 887 258 tibi,
913 219 1054 257 Domine,

681 266 820 298 Matrem
845 266 898 306 qui
919 266 1008 298 vides
1032 266 1144 305 nitide,

683 312 759 344 Gum
784 316 876 353 patre
900 315 932 343 et
955 315 1063 344 sancto
1089 312 1204 352 spiritu

677 359 715 390 In
739 361 931 399 sempiterna
955 360 1089 393 saecula.

305 423 383 451 Orat.
402 432 456 451 ms.
477 423 506 451 S.
528 423 684 451 Clementis
706 424 841 451 Toletani
862 432 936 451 saec.
959 421 1003 451 15.
1024 424 1093 452 Cod.
1114 424 1260 452 Matriten.
1280 425 1373 452 Tolet.
1395 422 1457 452 122.

642 515 689 547 59.
728 515 771 546 De
792 514 1002 556 compassione
1020 514 1108 547 BMV.

774 582 822 611 Ad
841 581 979 611 Tertiam.

232 650 263 683 1.
289 650 388 682 Beata
411 651 522 682 matris
545 651 677 687 viscera,
905 651 935 683 2.
963 649 988 682 Ο
1014 649 1112 690 virgo,
1138 652 1239 681 mater
1262 650 1381 691 inclita,

288 696 454 728 Transfixa
479 698 580 729 erucis
605 697 721 739 gladio,
962 696 1094 736 Largire
1118 697 1208 739 bona,
1235 697 1338 736 visita,

289 745 465 776 Procurent
487 745 577 776 nobis
600 744 740 783 praemia
966 739 1163 786 Verbi[que]‚
1189 744 1235 774 tui
1258 743 1325 786 filii,

288 790 364 822 Post
387 791 466 822 haee
488 791 521 822 in
547 791 625 823 coeli
649 791 738 824 solio.
963 789 1051 822 Mala
1073 792 1158 829 pene
1179 791 1301 831 judieii.

627 848 659 879 3.
686 846 795 878 Gloria
817 846 886 885 tibi,
911 845 1054 878 Domine.

306 911 384 939 Orat.
405 919 458 938 ms.
480 910 509 938 S.
531 911 685 939 Clementis
705 911 840 938 Toletani
860 918 934 938 saec.
958 908 1001 937 15.
1023 910 1091 938 Ood.
1111 911 1257 939 Matriten.
1277 912 1370 939 Tolet.
1396 909 1456 939 122.

642 1000 690 1031 60.
728 1001 771 1032 De
791 1000 1003 1042 compassione
1021 1001 1108 1032 BMV.

778 1068 828 1098 Ad
848 1067 973 1097 Sextam.

231 1138 260 1170 1.
285 1137 391 1169 Maria
416 1137 570 1176 dolorosa,
906 1138 936 1169 2.
962 1137 1008 1168 Te
1030 1137 1109 1178 laus,
1134 1136 1248 1175 Maria,
1274 1137 1372 1179 decet,

289 1183 374 1216 Coeli
399 1192 520 1215 summa
543 1192 627 1222 rosa,
963 1183 1028 1214 Nos
1054 1184 1144 1215 dolor
1168 1186 1238 1214 tuus
1263 1188 1357 1224 secet,

285 1231 351 1263 Nos
376 1233 478 1262 tecum
503 1230 556 1262 fae
579 1230 697 1262 sentire
962 1229 1007 1262 Ut
1029 1230 1070 1262 ad
1094 1234 1223 1262 aeterna
1246 1232 1389 1270 praemia

286 1278 360 1309 Vim
383 1278 539 1317 passionis
566 1278 663 1310 dirae.
965 1276 1052 1308 Coeli
1078 1277 1183 1317 capiat
1206 1278 1301 1310 ouria.

640 1334 671 1366 3.
699 1332 808 1364 Gloria
831 1332 900 1374 tibi,
925 1332 1069 1366 Domine.

307 1399 385 1427 Orat.
410 1407 462 1425 ms.
483 1398 512 1426 S.
535 1398 690 1425 Clementis
709 1397 845 1425 Toletani
865 1404 940 1424 saec.
963 1395 1006 1424 15.
1028 1397 1096 1425 Cod.
1117 1397 1264 1425 Matriten.
1284 1398 1376 1425 Tolet.
1400 1396 1461 1426 122.
1486 1414 1524 1418 —

233 1434 256 1471 1,
277 1434 297 1463 4
314 1436 384 1464 Vim
402 1438 471 1463 tuae
489 1436 643 1471 passionis.

649 1525 688 1556 61.
726 1526 769 1557 De
791 1524 1001 1566 compassione
1020 1526 1106 1557 BMV.

776 1593 825 1622 Ad
843 1592 966 1623 Nonam.

234 1663 264 1694 1.
292 1662 317 1694 Ο
342 1659 420 1692 felix
444 1661 594 1692 memoria
909 1663 939 1694 2.
966 1660 1015 1693 Sit
1037 1660 1206 1692 benedicta

337 1707 462 1739 Mariae
480 1707 709 1747 languescentis
1012 1708 1068 1741 sub
1096 1716 1187 1739 cruce
1210 1708 1347 1740 Johanni
1371 1708 1492 1749 relicta,

291 1756 353 1787 Per
376 1757 409 1785 te
434 1755 526 1786 datur
549 1754 683 1786 victoria
966 1755 1028 1786 Pro
1051 1755 1144 1786 nobis
1169 1758 1260 1786 orent
1281 1756 1383 1795 ambo,

339 1802 503 1841 Serpentis
526 1801 733 1833 molestantis.
1012 1809 1052 1832 ne
1075 1811 1133 1833 nos
1149 1803 1250 1833 taeter
1268 1806 1377 1842 tangat
1393 1804 1524 1844 grando,

628 1858 658 1889 3.
687 1856 796 1889 Gloria
819 1856 888 1896 tibi,
913 1856 1056 1889 Domine.

307 1924 386 1952 Orat.
412 1932 464 1950 ms.
490 1922 519 1950 S.
541 1922 697 1950 Clementis
716 1922 852 1949 Toletani
879 1929 952 1950 saec.
980 1920 1023 1949 15.
1045 1922 1113 1950 Cod.
1133 1922 1279 1950 Matriten.
1300 1924 1385 1951 Tolet
1406 1921 1467 1952 122.
1488 1941 1525 1945 -—

230 1960 257 1996 2,
276 1961 296 1989 4
314 1962 415 1996 taetri3
441 1961 492 1988 das
513 1960 662 1988 Versmass
691 1960 785 1987 dieser
805 1959 929 1996 Strophe
950 1961 990 1987 ist
1007 1961 1080 1988 total
1100 1960 1287 1988 abiveiehend
1306 1970 1364 1989 von
1383 1963 1433 1990 der
1452 1972 1523 1990 vor-

229 1999 432 2036 hergehenden
457 1998 517 2026 und
543 1999 613 2026 lasst
637 1998 985 2034 Zusammenstoppelung
1008 1998 1058 2026 des
1082 1999 1215 2035 Hymnus
1244 2007 1296 2027 aus
1324 2000 1524 2029 verschieden-

229 2040 342 2074 artigen
362 2037 490 2065 Stiieken
510 2038 669 2064 vermuten.

655 2127 700 2159 62.
739 2127 775 2159 In
794 2125 995 2168 Apparitione
1015 2127 1101 2159 BMV.

766 2194 815 2224 Ad
835 2195 989 2231 Vesperas.

230 2268 261 2301 1.
286 2268 341 2301 Ad
366 2275 495 2300 coenam
516 2266 587 2306 agni
614 2265 742 2305 providi
899 2265 930 2297 2.
955 2262 1076 2295 Cedant
1099 2264 1209 2304 procul
1233 2264 1388 2306 lugubria,

286 2315 438 2348 Adsimus
465 2323 571 2346 omnes
597 2312 739 2353 candidi,
957 2311 1087 2354 Luctus,
1115 2312 1213 2355 dolor,
1240 2313 1386 2353 suspiria,

285 2363 385 2396 Laeto
410 2365 558 2394 canentes
583 2363 712 2403 gutture
957 2358 1067 2391 Hiems
1093 2359 1193 2392 abivit
1214 2360 1356 2402 horrida,

289 2410 551 2451 Gongratulemur
576 2408 702 2448 virgini.
959 2408 1031 2440 Jam
1055 2407 1187 2440 turturis
1212 2417 1272 2441 vox
1297 2411 1433 2444 assonat.
