1651 2518
735 118 990 152 —126—

630 209 689 241 195.
728 207 771 239 De
791 209 896 240 sancto
916 208 1093 241 Eustaeli-io.

772 275 819 304 Ad
837 275 962 305 Laudes.

229 343 258 375 1.
284 343 402 375 Divino
427 345 544 374 tactum
566 343 697 375 verbere
899 343 929 376 3.
956 343 1047 375 Solus
1074 352 1146 384 ergo
1170 344 1381 386 progreditur,

285 389 427 421 Christus
453 391 599 430 dignatur
623 391 724 422 visere
957 391 1068 423 Custos
1093 400 1237 430 agrorum
1262 392 1398 429 ponitur,

284 436 463 475 EJulantem
487 437 688 468 Eustachium
956 438 985 468 A
1010 438 1145 476 Trajano
1171 438 1341 478 reducitur,

283 482 327 514 Et
349 483 519 515 minantem
544 483 706 515 excidium.
954 484 1043 516 Uxor
1068 492 1136 515 cum
1159 484 1249 524 prole
1272 484 1426 516 redditur.

225 540 259 570 2.
285 539 375 571 Uxor
399 548 418 571 a
438 542 524 571 taotu
548 539 686 581 sordido,
895 541 927 573 4.
954 541 1030 572 Post
1053 541 1131 571 haec
1153 549 1211 579 pro
1236 539 1352 571 Christi
1375 540 1500 571 nomine

286 586 394 617 Proles
418 595 437 617 a
458 595 563 617 morsu
586 586 696 618 rabido
954 587 1171 619 Consummato
1196 587 1365 618 certamine

286 632 404 664 Christi
429 636 573 664 servatur
596 642 733 672 munere,
959 633 1074 665 Bovem
1100 633 1254 665 intrantes
1277 642 1406 664 aeneum

285 677 341 710 Cui
365 679 525 718 proprium
553 682 598 710 est
623 688 765 718 parcere.
953 680 1095 720 Regnum
1119 680 1273 712 scandunt
1298 681 1484 712 aethereum.

591 737 620 768 5.
645 736 698 768 Ad
724 745 854 776 quorum
878 744 934 768 nos
961 736 1149 768 consortium

644 784 721 815 Post
744 782 835 821 hujus
859 783 942 814 vitae
965 784 1100 814 stadium

643 829 756 868 Ducat,
780 830 832 868 qui
854 829 937 869 regit
960 831 1080 868 omnia3

648 876 771 908 Christo
796 876 894 908 honor
919 879 950 907 et
973 877 1081 916 gloria.

298 939 383 966 Brev.
403 940 564 968 Romanum
584 941 652 976 imp.
674 938 754 968 15**.
776 955 809 959 —
826 939 851 974 5,
874 940 894 968 4
913 940 1043 968 Christus
1063 940 1162 968 honor.

563 1040 622 1071 196.
657 1040 700 1071 De
720 1048 758 1072 ss.
778 1040 917 1071 Facundo
938 1041 970 1071 et
988 1040 1159 1071 Primitivo.

757 1107 804 1136 Ad
824 1107 976 1144 Vesperas.

496 1175 526 1207 1.
553 1175 668 1215 Pange,
696 1175 861 1207 Gallaecae
885 1175 1007 1215 patriae
1029 1184 1179 1215 propago,

551 1221 729 1261 Martyrum
752 1220 855 1253 fausto
880 1222 1007 1253 radians
1026 1231 1142 1264 cruore,

551 1269 640 1308 Quod
665 1270 737 1308 polo
762 1269 917 1308 quondam
943 1268 1075 1300 dederas
1097 1272 1277 1309 peremptos

598 1315 731 1347 Nomine
755 1315 881 1347 Christi.

495 1372 525 1403 2.
553 1371 629 1404 Cum
652 1380 766 1403 novum
789 1371 894 1403 lumen
917 1371 1038 1411 genitus
1062 1372 1190 1410 superni

553 1417 697 1450 Mitteret
720 1418 845 1457 mundo,
873 1418 958 1456 capis
982 1418 1065 1450 inter
1089 1427 1196 1450 omnes

553 1465 660 1496 Prima
684 1465 882 1505 baptismum,
908 1463 983 1496 fidei
1008 1465 1147 1504 loquelas

600 1512 661 1544 Ore
685 1511 807 1545 Jacobi.

496 1569 527 1600 3.
555 1567 656 1606 Hujus
681 1568 721 1599 ad
749 1567 904 1599 Christum
932 1568 1142 1606 comitansque
1166 1569 1259 1600 turba

553 1614 656 1645 Vertit
680 1614 849 1653 Hispanos,
875 1614 1030 1645 tumulans
1056 1615 1196 1654 magistri

554 1661 698 1693 Membra
724 1661 871 1693 Gallaeco
897 1661 1034 1692 renitent
1056 1661 1172 1692 ibidem

599 1708 735 1740 Pulvere
757 1708 855 1740 miris.

496 1767 527 1797 4.
555 1765 649 1799 Unde
673 1768 746 1796 sunt
770 1764 831 1795 orti
857 1764 926 1803 duo,
952 1764 1133 1796 Primitivus

552 1814 657 1850 Atque
683 1811 860 1850 Facundus,
886 1811 1052 1843 Dominum
1078 1812 1223 1853 colentes,

551 1862 632 1897 Quos
659 1859 718 1890 diis
739 1858 833 1898 jussit
856 1857 925 1890 fera
948 1867 1022 1898 gens
1048 1859 1194 1890 honorem

602 1905 749 1937 Reddere
771 1905 870 1938 vanis,

496 1964 525 1994 5.
552 1961 676 1993 Atticus
701 1964 825 1993 sanctos
848 1962 962 1992 misere
986 1961 1130 2002 revinxit,

552 2008 604 2040 Sic
627 2011 794 2048 negaturos
818 2008 984 2039 Dominum
1007 2007 1149 2047 putabat,

553 2055 675 2086 Fantur
698 2056 731 2086 hi
757 2054 914 2086 Christum
939 2055 1041 2085 colere
1065 2057 1095 2086 et
1119 2053 1269 2093 profanos

599 2102 752 2134 Temnere
778 2101 874 2133 divos.

495 2159 526 2191 6.
552 2159 618 2190 Nos
642 2158 743 2190 Deum
768 2167 875 2189 verum
900 2156 1067 2189 Dominum
1090 2157 1237 2198 colentes,

555 2205 736 2244 Simplieem
759 2205 876 2235 trinum
900 2212 1084 2236 veneremur
1104 2204 1204 2246 illum,

552 2252 610 2291 Qui
634 2255 734 2292 pater,
760 2255 851 2283 natus
876 2251 957 2290 regit
980 2254 1073 2290 atque
1098 2254 1223 2282 sanctus

596 2298 731 2338 Spiritus
755 2302 849 2330 astra.

297 2362 380 2392 Brev.
401 2364 542 2391 Auriense
560 2365 629 2399 imp.
650 2364 847 2392 Salmantieae
866 2361 947 2392 1501.
968 2378 1002 2382 -
1025 2361 1050 2396 1,
1071 2360 1087 2390 1
1106 2361 1281 2390 Gallaeciae.
