1651 2518
764 126 1018 160 -206—

259 223 288 254 3.
316 222 465 254 Claritate
489 222 672 261 perlustrati
923 223 953 252 5.
980 221 1155 252 Salutarem
1178 219 1217 252 ab
1243 220 1366 251 excelso

355 272 427 308 post
450 268 637 308 baptismum
663 268 770 307 nimia,
1027 267 1194 308 delegastis
1221 267 1374 306 angelum,

311 314 499 347 Confitentes
526 315 643 348 Christi
668 322 780 346 nomcn
981 315 1097 346 Praeco
1122 322 1213 353 quam
1240 314 1376 345 ostendit
1400 312 1536 346 tumbam

354 365 420 394 tota
446 370 513 393 cum
536 361 662 401 fiducia,
1025 359 1176 392 fratribus
1203 363 1234 391 et
1259 361 1391 398 titulum,

307 408 358 439 Ab
383 409 497 449 iniquis
521 409 554 439 in
577 408 741 439 obscurum
978 409 1044 445 Quo
1069 407 1195 447 purgati
1218 412 1398 438 mereantur

353 457 447 487 mersi
472 458 543 486 sunt
567 455 754 486 incendium.
1025 454 1141 486 habere
1164 454 1345 485 remedium.

248 512 280 544 4.
306 511 329 543 O
356 511 440 543 beati
465 519 547 550 vere,
574 510 692 543 Christi
920 512 950 543 6.
977 510 1049 542 Jam
1074 511 1156 542 cives
1180 511 1220 541 ad
1248 513 1334 541 astra
1357 510 1423 549 poli

351 557 483 596 pretiosi
506 561 671 597 martyres,
774 591 777 597 ¹
1023 556 1211 596 pervolastis
1236 565 1339 596 aurea,

302 604 359 641 (Qui
383 604 507 643 probati
533 604 618 635 velut
643 613 752 635 aurum
976 604 1040 636 Ubi
1066 603 1201 635 coelibes
1227 602 1340 642 effecti,

349 653 421 689 post
446 650 551 682 datam
572 651 757 681 sententiam
1021 651 1215 690 postulamus
1233 649 1362 689 affatim,

303 697 459 728 Passionis
483 700 606 735 partem
629 697 728 728 vestri
977 697 1043 729 Nos
1068 700 1104 728 ut
1125 696 1203 727 illuc
1225 697 1318 727 simul
1341 696 1454 728 vestris

349 743 507 774 meruistis
531 743 667 775 Domini.
1023 743 1193 776 sublevetis
1218 743 1375 782 precibus,

636 801 665 832 7.
694 800 804 832 Gloria
828 803 857 830 et
883 800 982 831 honor
1006 800 1085 832 Deo.

320 864 400 891 Brev.
420 863 545 891 Vicense
564 865 632 899 imp.
653 865 789 901 Lugduni
810 862 889 891 1557.

595 1010 660 1042 359.
703 1012 746 1042 De
766 1018 806 1042 ss.
825 1010 958 1042 Luciano
981 1012 1011 1041 et
1030 1011 1193 1042 Mareia-no.

795 1077 843 1106 Ad
863 1077 1050 1107 Nocturnum.

520 1146 549 1178 1.
578 1146 696 1185 thuid
720 1147 751 1178 in
779 1145 946 1185 Christum,
968 1147 1144 1178 truculente
1168 1154 1300 1184 nequam

572 1192 698 1232 Sabine,
725 1192 803 1225 furis
830 1193 923 1224 dente
948 1195 1108 1224 cruentato

571 1238 652 1270 Nam
677 1243 731 1271 tua
753 1241 802 1271 ira
824 1240 980 1279 noxiaque
1004 1248 1104 1278 poena

620 1286 739 1318 Premit
761 1287 912 1318 insontes.

519 1343 549 1374 2.
575 1342 750 1381 Adpcllens
775 1342 885 1373 Vicum
909 1342 1065 1374 Lucianus
1088 1351 1217 1382 magnus

570 1388 613 1419 Et
639 1389 817 1420 Marcianus
841 1388 905 1420 fide
931 1389 1114 1431 confirmati,

571 1435 606 1466 In
631 1436 703 1475 igne
726 1436 812 1467 missi
838 1436 929 1466 simul
953 1439 1024 1467 sunt
1050 1436 1200 1467 combusti

615 1482 661 1513 Te
689 1483 856 1515 saeviente.

513 1539 544 1570 3.
570 1538 613 1570 Hi
638 1539 848 1578 relinquentes
873 1538 1032 1577 publicum
1058 1547 1195 1571 errorem

571 1585 727 1617 Christum
753 1588 924 1625 sequuntur
948 1586 1033 1617 nullo
1060 1586 1205 1618 deviante

568 1632 740 1672 Menteque
762 1641 844 1672 pura
867 1632 946 1663 mori
971 1633 1131 1672 cupientes

616 1679 756 1718 Corpora
778 1682 900 1719 parent.

511 1735 543 1767 4.
572 1734 647 1766 Cum
672 1735 847 1775 retorqueri
871 1736 991 1767 nollent
1015 1745 1035 1767 a
1058 1739 1089 1767 te
1113 1735 1166 1767 isti

570 1781 677 1813 Sancti
701 1782 836 1822 sodales,
862 1783 1010 1821 praemiis
1034 1783 1155 1823 negatis

570 1828 632 1860 Sed
658 1831 729 1860 sunt
754 1831 910 1861 tormenta
934 1833 997 1869 tua,
1022 1839 1102 1869 quae
1126 1829 1174 1860 his
1201 1829 1308 1869 donas,

614 1875 841 1915 Despicientcs.

511 1934 540 1963 5.
568 1932 710 1964 Omnium
737 1942 839 1964 rerum
865 1933 1017 1972 principis
1040 1934 1155 1965 ardore

568 1980 701 2018 Jamque
725 1980 905 2018 relinquunt
929 1980 1087 2011 hominum
1112 1982 1255 2011 naturam

571 2026 698 2065 Ipsique
724 2026 847 2059 Christo
873 2026 992 2058 animas
1018 2027 1238 2058 commendant

611 2073 682 2105 Jam
707 2073 872 2106 inhiantes

510 2128 541 2160 6.
569 2128 707 2160 Gloriam
733 2132 896 2168 praestant
919 2138 1037 2161 summo
1064 2129 1220 2161 conditori

565 2175 706 2215 Ejusque
728 2180 802 2208 nato
827 2174 1006 2215 flaminique
1030 2181 1148 2218 sancto,

566 2221 654 2254 Unus
680 2224 732 2262 qui
757 2223 857 2254 trinus
884 2223 988 2254 omnia
1011 2223 1068 2254 sub
1095 2226 1179 2255 certo

611 2269 692 2301 Fine
716 2270 878 2310 gubernat.

315 2333 395 2359 Brev.
410 2333 534 2360 Vicense
553 2334 621 2369 imp.
635 2334 770 2370 Lugduni
793 2332 872 2361 1557.
894 2349 928 2353 -
952 2333 975 2368 1,
996 2332 1013 2360 2
1033 2338 1159 2363 cruento.
1210 2353 1213 2356 -
1239 2334 1262 2368 1,
1283 2334 1300 2364 3
1321 2338 1410 2365 noxia
1427 2345 1529 2372 poena.

238 2383 272 2387 —
293 2367 319 2402 4,
339 2367 357 2395 2
377 2371 513 2405 praemiis
534 2373 620 2407 atque
638 2373 757 2399 necatis.
