1651 2518
745 123 976 158 ,53-

447 222 478 255 2,
502 220 599 259 Virgo
624 219 757 258 fulgenti
779 218 926 249 redimita
947 219 1023 257 sole,

503 267 593 299 Luna
616 266 673 298 sub
700 266 786 304 qu'us
808 264 942 304 pedibus
966 264 1103 297 nitescit.

502 312 608 352 Virgo,
637 313 685 344 cui
709 311 820 343 stellae
846 312 992 343 diadema
1015 313 1126 342 texunt

546 360 652 399 Atque
676 361 836 391 coronant.

447 436 478 468 3.
505 434 663 473 Quamque
689 433 890 464 circumstant
916 431 1049 471 Seraphi
1074 434 1106 463 et
1130 430 1265 463 Cherubi

502 481 626 520 Augen,
651 479 763 518 virtus,
791 478 1026 517 dominationes,

500 527 664 566 Principes
687 526 827 565 laudant,
852 526 981 557 thronus
1007 527 1038 555 et
1060 526 1211 564 potestas,

545 572 783 613 Angeliarehae.

442 648 475 680 4.
500 648 658 686 Quamque
680 646 844 686 mirantur,
870 646 1020 684 recolunt,
1047 645 1182 676 adorant

502 694 602 724 Terra
626 701 693 724 cum
719 695 824 731 ponto,
851 693 942 723 simul
966 701 1030 731 aer,
1056 692 1146 732 ignis,

502 740 599 778 Quam
623 739 688 778 poli
714 740 797 770 cives
823 738 984 770 celebrant
1006 742 1168 777 parentem

548 785 808 824 Gunetiparentis.

446 863 475 893 5.
502 862 597 899 Cujus
622 858 772 893 Alfonsus
796 860 920 891 niveum
944 861 1095 899 pudorem

504 909 675 947 Protegens
698 910 806 938 contra
830 907 949 938 rabiem
974 907 1143 938 latrantum

499 954 545 985 Te
570 954 664 985 docet
685 953 835 985 mundam
857 953 946 986 velut
967 956 1042 985 ante
1064 956 1190 992 partum

547 1000 683 1039 Postque
705 1008 840 1032 manere.

444 1075 476 1106 6.
502 1074 561 1113 Qui
585 1075 668 1114 regit
691 1074 788 1105 cosmi
811 1073 1027 1113 fabricamque
1051 1075 1153 1106 coelos

500 1121 601 1160 Gyrat
620 1121 775 1162 immotus,
801 1123 892 1159 pater
914 1123 1022 1160 estque
1045 1125 1166 1160 gnam,

502 1167 633 1198 Flamen
658 1170 714 1208 est,
740 1167 840 1199 trinus
865 1168 949 1199 Deus
974 1176 1052 1199 unus
1078 1171 1151 1199 ante

550 1213 681 1245 Saecula
704 1222 836 1253 semper.

296 1278 378 1305 Brev.
398 1278 589 1305 Zamoranum
608 1279 676 1313 imp.
699 1276 779 1304 15**‚

641 1414 685 1446 68.
728 1415 762 1445 In
781 1414 982 1446 Deseensione
1001 1414 1088 1446 BllIV.

737 1494 785 1524 Ad
804 1495 849 1524 No
853 1499 991 1525 otumum.

498 1577 527 1608 1.
552 1576 706 1615 Tempore
729 1576 789 1608 hoo
808 1578 908 1608 noctis
930 1578 1052 1608 mediae
1074 1575 1196 1608 solebat

551 1623 691 1655 Psallere
714 1623 866 1655 Alfonsus
889 1623 957 1662 tibi,
983 1625 1084 1654 mater
1108 1624 1200 1662 alma,

551 1669 707 1709 Tempore
729 1670 791 1702 hoe,
813 1672 914 1701 noetis
938 1670 998 1701 tibi
1020 1679 1078 1701 nos
1102 1673 1263 1701 cantamus

600 1717 729 1749 Cantica
752 1717 892 1750 laudum.

495 1792 528 1825 2.
553 1791 709 1831 Tempore
732 1792 792 1823 hoo
813 1792 915 1823 noetis
938 1792 1063 1823 mediae
1086 1794 1252 1823 coruscant

553 1837 684 1877 Templa
707 1838 809 1870 Toleti
833 1839 919 1870 velut
943 1842 1029 1870 astra
1052 1839 1137 1880 solis,

554 1884 638 1922 Quae
662 1887 725 1922 tuo,
753 1886 849 1926 virgo,
876 1885 1008 1917 rutilans
1032 1885 1164 1925 replesti

600 1931 732 1962 Lumine
756 1933 849 1963 claro.

497 2006 527 2037 3.
553 2004 708 2043 Tempore
732 2005 792 2036 hoo
813 2006 914 2036 noctis
941 2005 1066 2036 veniens
1090 2005 1130 2036 ab
1156 2005 1230 2045 alto,

553 2050 716 2090 Virginum
741 2051 851 2083 turmis
877 2052 1023 2083 comitata
1044 2052 1152 2090 saeris,

554 2097 656 2129 Vestis
678 2097 844 2129 Alfonsum
866 2098 986 2129 meritis
1011 2101 1147 2129 amatum

596 2144 745 2184 Tegmine
770 2153 871 2177 sacro.

498 2221 530 2253 4.
553 2218 708 2258 Tempore
731 2220 791 2251 hoe
815 2220 914 2250 noctis
940 2218 998 2249 tibi
1022 2227 1078 2250 nos
1103 2228 1259 2260 canamus,

553 2266 657 2297 Janua
680 2275 697 2297 o
724 2266 810 2306 celsi,
836 2267 896 2305 via,
923 2266 1011 2296 limes
1035 2266 1135 2305 aulae,

556 2313 643 2343 Pelle
667 2318 843 2351 grassantes
867 2312 965 2345 Erebi
990 2315 1131 2345 catervas

601 2359 756 2398 Tempore
779 2359 812 2391 in
836 2360 906 2393 isto.
