1651 2518
727 115 982 149 ——181-

210 209 238 239 5.
265 208 328 240 Pro
354 208 444 239 nobis
470 217 562 240 cruce
586 209 723 242 moriens
884 212 915 243 6.
942 210 1027 250 Jesu,
1053 219 1164 243 nomen
1194 210 1416 249 dulcissimum,

265 255 403 286 Matrem
428 263 517 286 suam
540 256 739 296 prospiciens
883 282 886 288 .
944 259 1005 291 Per
1029 258 1111 289 hunc
1136 258 1196 289 tibi
1219 257 1414 289 carissimum

267 301 351 333 Huic
373 303 561 334 servandam
587 304 701 343 virgini
941 305 986 337 Et
1011 305 1077 344 ejus
1102 313 1194 336 sacra
1217 305 1331 336 merita

267 348 394 380 Dedisti
417 350 523 381 lumen
544 349 665 382 lumini.
941 352 1074 383 Dimitte
1095 351 1186 383 nobis
1214 351 1329 385 debita.

222 460 230 486 ]
271 424 370 468 'Bi-‘ew
390 431 443 451 ms.
466 422 718 460 Calagurritanum
739 432 814 453 saec.
839 425 882 453 15.
904 424 971 453 Cod.
993 425 1199 453 Salmantieen.
1222 423 1284 453 186.
1304 440 1342 446 »-
1362 424 1388 458 6,
1409 424 1426 452 2
1446 426 1500 453 tibi

207 468 221 486 c
235 468 411 489 arissimum.

523 572 586 604 312.
626 573 670 604 De
690 573 796 604 sancto
817 573 957 604 Johannc
971 571 1187 613 Evangelista.

741 648 787 678 Ad
812 649 968 688 Vesperas.

211 725 240 758 1.
266 725 402 764 Magnus
427 724 587 757 ,Iohannes
613 726 734 765 emicat,
885 728 916 759 2.
943 727 1009 766 Qua
1030 729 1219 766 praepotens
1244 726 1404 766 apostolus

266 772 363 810 Quem
388 781 465 804 vera
488 773 543 804 lux
568 772 734 813 illuminat,
941 773 1039 806 Verbi
1062 772 1187 806 refulsit
1212 772 1363 815 profluus,

265 819 346 850 Vino
371 819 483 850 salutis
509 820 612 851 ebriat
941 821 1082 853 Ructans
1104 820 1166 852 Dei
1189 820 1347 860 magnalia

265 866 393 897 Amoris
418 866 552 905 implens
577 868 689 906 gratia.
942 867 1060 900 Christi
1083 868 1200 899 retexit
1223 867 1343 899 abdita.

280 939 364 966 Brev.
385 948 437 967 ms.
458 939 649 976 Hispanicum
671 948 745 968 saec.
765 938 839 968 1¹l12.
865 940 933 969 Cocl.
954 941 1115 969 Londinen.
1135 940 1207 967 Ado.
1228 938 1337 968 30h49.
1351 941 1498 976 —VergL

206 975 262 1003 den
288 976 503 1012 vollstiindigen
523 979 597 1005 Text
615 978 698 1005 Anal.
719 979 771 1012 XI,
794 975 854 1006 137.
895 977 987 1014 Obige
1009 978 1111 1011 Quelle
1129 978 1169 1005 ist
1188 978 1270 1006 nicht
1289 979 1499 1006 mozarabisch.

647 1086 706 1118 313.
746 1088 788 1118 Dc
808 1087 914 1119 sancto
932 1086 1059 1119 Isidoro.

742 1162 789 1193 Ad
808 1163 963 1202 Vesperas.

209 1242 239 1273 1.
268 1239 472 1279 Congaudeat
492 1239 626 1271 ecclesia
885 1242 915 1273 3.
942 1241 1165 1279 Hispaniarum
1191 1241 1321 1281 populis.

265 1287 310 1318 Et
332 1287 489 1325 praesulis
514 1286 667 1319 solemnia
942 1287 1077 1319 Divinae
1100 1287 1178 1327 legis
1202 1288 1322 1328 regulis

264 1332 460 1365 Confessoris
485 1334 603 1366 Isidori
940 1334 985 1366 Et
1007 1334 1218 1366 Romanorum
1243 1333 1382 1366 moribus

262 1380 393 1412 Honore
419 1381 503 1412 colat
528 1380 655 1413 celebri.
940 1381 1130 1420 Invigilabat
1158 1381 1297 1414 sedulus

205 1439 236 1469 2.
264 1437 323 1475 Qui
347 1437 433 1468 velut
457 1437 532 1468 solis
557 1437 665 1468 radius
881 1438 913 1470 4.
940 1438 977 1469 In
1002 1437 1184 1469 clericorum
1210 1437 1349 1469 comodis

262 1483 408 1522 Demptis
432 1492 562 1524 prorsus
583 1483 766 1515 haeresibus
939 1484 982 1515 Et
1006 1493 1179 1524 pauperum
1205 1484 1354 1516 subsidiis

262 1531 306 1562 Et
332 1530 462 1562 devotus
486 1531 638 1569 martyrio
940 1531 1058 1572 Legum
1086 1532 1169 1563 lator
1195 1531 1385 1563 clarissimus

262 1577 417 1618 Dogmate
441 1575 532 1609 fulsit
553 1578 653 1612 vario.
937 1578 1000 1609 Hic
1024 1578 1209 1610 inhaerebat
1233 1579 1347 1610 acria-3.

600 1636 630 1666 5.
656 1632 749 1674 Laus,
777 1634 886 1674 virtus,
913 1633 1022 1676 honor,
1049 1634 1150 1674 gloria

653 1680 720 1713 Deo
742 1682 828 1720 patri
853 1684 885 1712 et
907 1680 984 1724 filio,

656 1727 771 1760 Sancto
795 1728 886 1759 simul
909 1727 1064 1767 paraclito

653 1775 691 1807 In
716 1775 908 1814 sempiterna
930 1775 1065 1807 saecula.

278 1851 363 1879 Brev.
391 1860 443 1878 ms.
465 1849 642 1884 Hispalense
669 1858 745 1877 saec.
774 1847 816 1877 15.
839 1849 907 1878 Cod.
928 1849 1052 1877 Parisin.
1082 1846 1187 1877 13234.
1207 1848 1241 1876 A.
1261 1864 1298 1868 —
1318 1850 1421 1878 Diurn.
1444 1859 1496 1877 ms.

200 1890 383 1925 Legionense
403 1896 478 1916 sace.
503 1886 546 1915 15.
573 1887 641 1915 Cod.
663 1886 755 1923 Capit.
775 1887 932 1923 Legionen.
954 1885 999 1915 36.
1019 1887 1052 1914 Β.
1072 1902 1111 1906 —
1130 1888 1212 1915 Brtv.
1233 1887 1409 1923 I-Iispalense
1429 1891 1497 1924 imp.

202 1928 326 1955 Parisiis
348 1925 429 1955 1510.
452 1926 483 1953 (ἶ.
509 1941 545 1945 -
564 1926 647 1953 Brev.
667 1925 844 1961 ‘Hispalense
863 1927 932 1960 imp.
951 1925 1072 1960 Hispali
1092 1923 1173 1953 1521.
1194 1926 1230 1952 1).
1250 1939 1288 1944 —
1309 1926 1391 1953 Brev.
1414 1926 1498 1954 Cala-

199 1967 380 2002 gurritanum
402 1968 432 1992 et
451 1965 634 1992 Calciatense
655 1966 722 1999 imp.
745 1964 882 1991 Luci-onii
906 1961 986 1991 1543.
1001 1963 1035 1990 E.
1057 1981 1069 1984 -
1103 1960 1129 1994 2,
1151 1961 1168 1989 2
1181 1964 1314 1999 Demptis
1334 1973 1450 1999 pressu>-
1467 1966 1497 1992 A.

641 2073 702 2105 314.
741 2073 784 2105 De
805 2074 911 2104 sancto
931 2072 1058 2104 Isidoro.

717 2150 765 2180 Ad
783 2149 974 2179 Nocturnum.

198 2233 228 2264 1.
255 2231 372 2272 Magne
398 2230 509 2263 doctor
533 2229 667 2270 Isidore,
877 2230 907 2260 2.
935 2228 997 2260 Per
1015 2229 1057 2268 te,
1085 2226 1248 2260 confessor
1271 2227 1390 2272 inclite,

257 2279 323 2311 Nos
350 2279 389 2311 de
414 2279 474 2310 hoc
500 2278 569 2310 diro
597 2285 724 2309 carcere
935 2276 1039 2308 Ovans
1066 2275 1177 2307 chorus
1204 2275 1355 2309 ecclesiae

255 2326 321 2358 Fac
344 2326 411 2366 poli
434 2325 528 2358 reddi
553 2325 633 2357 solio
933 2323 978 2355 Et
1002 2325 1129 2354 caterva
1153 2321 1293 2355 fidelium

257 2374 386 2407 Placato
411 2373 472 2405 Dei
497 2372 563 2405 filio
936 2370 1100 2403 Collaudat
1131 2371 1288 2404 Christum
1315 2372 1492 2406 Dominum.
