1651 2518
217 184 246 214 5.
274 182 387 214 Omnes
411 183 554 222 suspensi
580 182 732 222 capitibus
883 184 912 215 6.
940 181 1056 213 Solutis
1081 191 1099 213 a
1122 181 1271 220 patibulis

270 230 386 261 Petunt
409 228 470 260 Dei
493 230 657 269 magnalia,
940 228 1137 267 Sepulturam
1163 228 1346 268 corporibus

269 275 350 307 Bina
374 277 456 308 <lona
480 276 652 308 colentibus
940 274 1177 315 Gonsequuntur
1201 276 1240 307 ab
1265 276 1383 316 angelis

269 322 372 361 Hujus
397 321 478 355 festa
502 323 661 355 solemnia.
939 321 1030 353 Datis
1046 321 1114 354 Deo
1140 322 1312 362 spiritibus,

604 380 633 411 7.
659 378 755 410 Trino
779 378 846 410 Deo
872 380 903 408 et
925 377 1053 416 implici.

287 442 370 469 Brcv.
392 441 459 469 Gom
483 443 654 470 ostellanum
679 443 747 478 imp.
767 442 938 476 Ulisiponae
959 440 1039 468 1497.
1059 443 1091 469 Β.
1111 457 1148 461 -
1167 443 1250 470 Brev.
1269 443 1411 471 Auriense
1427 445 1495 478 imp.

212 475 407 552 ξὶέἐῐέθῗέξίξαθ
428 478 461 507 15
484 477 507 507 1.
528 481 560 507 Β.
580 495 617 499 —-
638 478 669 513 3,
691 478 708 505 2
729 481 756 507 ei
774 480 833 507 AB.
854 493 889 497 —
910 477 942 513 3,
961 477 981 506 4
1001 479 1093 507 vincit
1109 479 1168 506 AB.
1186 494 1222 499 -—
1242 479 1274 514 5,
1298 478 1312 507 1
1331 482 1413 509 Lies:
1440 482 1496 516 Qui

649 626 694 657 82.
736 627 779 657 De
798 626 903 657 sancto
923 625 1061 666 Aegiclio.

744 701 792 731 Ad
811 702 964 739 Vesperas.

440 779 469 811 1.
496 779 630 810 Athenis
654 779 755 811 editus
782 780 821 811 de
843 779 942 819 stirpe
966 780 1053 819 regia

495 826 591 857 Patre
614 826 790 867 Theodoro,
816 830 917 857 matre
939 826 1077 868 Pelagia,

498 871 629 903 Sanctus
653 873 806 912 Aegidius
830 882 849 905 a
871 873 1008 912 pueritia

497 918 681 951 Praeclarus
707 919 828 951 exstitit
850 920 1007 959 signorum
1033 920 1143 959 gratia.

438 1004 469 1034 2.
494 1001 639 1034 Electum
664 1003 793 1034 coelitus
817 1012 872 1035 vas
897 1003 964 1034 auri
988 1002 1122 1034 solidum

497 1049 560 1080 Per
583 1052 702 1081 vestem
726 1050 848 1088 inopem
876 1050 988 1081 ditavit
1010 1049 1200 1092 languidum,

498 1094 639 1128 Salvavit,
659 1096 754 1128 alium
778 1105 896 1128 veneno
920 1097 1081 1135 tumidum,

496 1142 628 1174 Hostem
652 1142 691 1175 ab
717 1143 841 1175 homine
865 1141 986 1183 fugavit
1008 1143 1158 1175 invidum.

442 1227 473 1258 3.
499 1225 589 1257 Vana
613 1226 788 1266 despiciens
811 1227 921 1258 mundi
945 1227 1120 1266 praeconia,

500 1273 651 1304 Coelestis
676 1274 796 1312 gratiae
821 1282 972 1313 quaerens
995 1273 1130 1313 insignia

500 1318 623 1351 Natalis
646 1320 769 1359 patriae
791 1321 934 1360 linquens
959 1319 1092 1352 confinia

497 1365 551 1397 Fit
572 1366 730 1398 solitarius
753 1367 787 1398 in
811 1367 1011 1407 Septimania.

442 1451 473 1482 4.
499 1450 643 1481 Vallatus
667 1451 804 1491 undique
829 1451 956 1483 coelesti
974 1451 1090 1482 lumine

499 1496 594 1529 Sacro
619 1496 762 1529 reficitur
787 1497 903 1529 Christi
926 1497 1083 1536 libamine,

501 1543 568 1576 Ubi
592 1552 659 1575 cum
684 1544 822 1576 lacrimis
847 1543 915 1576 fuso
940 1545 1117 1584 precamine

498 1589 690 1622 Francorum
716 1591 889 1631 principem
914 1591 1006 1623 solvit
1031 1600 1051 1623 a
1075 1591 1214 1625 crimine.

443 1675 473 1706 5.
498 1674 639 1706 Tandem
665 1674 807 1708 Christus
832 1684 901 1706 eum
928 1676 967 1707 de
989 1675 1098 1706 mundi
1126 1683 1252 1707 carcere

499 1720 595 1754 Jubet
619 1720 754 1753 feliciter
779 1723 880 1754 coelos
904 1723 1085 1762 ascendere,

501 1767 605 1807 Signa,
632 1777 712 1808 quae
737 1768 853 1800 celebri
879 1769 1047 1809 complevit
1067 1777 1172 1808 opere,

499 1815 584 1854 Quae
604 1824 676 1856 vox,
702 1824 781 1855 quae
801 1816 920 1855 poterit
941 1816 1049 1856 lingua
1070 1819 1227 1847 retexere.

441 1900 472 1931 6.
498 1898 647 1930 Trinitati
669 1908 807 1931 summae
830 1900 960 1939 Deoque
983 1899 1119 1938 simplici

496 1944 706 1977 Decantemus
731 1947 879 1986 hymnum
903 1946 1017 1978 affectu
1040 1946 1186 1986 supplici,

500 1991 547 2023 Ut
568 1993 603 2024 in
626 1993 768 2026 examine
792 2002 862 2024 cum
885 1994 967 2025 stola
991 1992 1111 2032 duplici

500 2038 706 2071 Occurramus
730 2041 779 2072 illi
802 2048 946 2080 supremo
964 2039 1074 2078 judici.

291 2103 398 2137 Hymn.
425 2111 476 2130 ms.
507 2104 678 2132 Praedicatt.
705 2105 851 2132 Valentin.
878 2112 952 2131 saec.
978 2101 1050 2131 14l15.
1080 2102 1146 2131 Ood.
1168 2103 1263 2139 Capit.
1283 2103 1400 2131 Valent.
1426 2112 1448 2130 s.
1475 2113 1503 2131 n.

216 2141 251 2167 Α.
271 2155 308 2159 -
327 2140 410 2167 Brev.
429 2140 622 2175 Majoricense
641 2143 709 2178 imp.
729 2143 860 2170 Venetiis
882 2139 962 2169 1506.
982 2141 1014 2168 Β.
1034 2154 1072 2159 -—
1093 2139 1117 2173 1,
1141 2139 1154 2167 1
1176 2141 1211 2168 de
1230 2141 1302 2168 fehlt
1319 2141 1353 2168 B.
1375 2156 1411 2161 ——
1431 2141 1504 2169 Jede

216 2178 308 2205 vierte
327 2177 407 2205 Zeile
433 2179 475 2205 ist
499 2180 531 2205 in
550 2179 589 2207 Β,
618 2179 745 2206 offenbar
769 2179 819 2207 der
836 2179 963 2207 Meloffie
980 2186 1094 2214 wegen,
1121 2178 1288 2206 verfindett:
1316 2176 1348 2213 1,
1373 2177 1392 2206 4
1410 2179 1507 2207 Fuisit

216 2216 365 2279 {gum-urg
384 2217 487 2260 gratia..
507 2230 545 2260 :-
565 2214 594 2251 2,
621 2214 641 2243 4
660 2218 781 2261 Hostem
795 2218 912 2261 'fugavit
930 2216 1060 2280 imaidum
1079 2216 1112 2243 B.
1133 2231 1163 2260 .-
1188 2214 1220 2250 3,
1241 2214 1259 2243 3
1278 2216 1412 2260 linquens
1434 2217 1507 2245 fehlt

219 2272 338 2333 crimine
357 2272 389 2317 ᾗ».
400 2252 531 2325 4-—V515u4
551 2262 622 2325 &¹111ss
642 2262 838 2327 ξὲξέὲῗιῗὲἑῗε.
850 2255 951 2319 {icere
969 2273 1004 2318 B:
1021 2252 1060 2311 έ-
1072 2254 1147 2326 {gh}
1164 2253 1220 2328 31}
1239 2253 1506 2327 {tillvtssss-ajhgprg

217 2335 249 2354 m
269 2329 361 2354 emine
379 2328 414 2355 A.
434 2343 471 2348 -—-
490 2328 516 2364 6,
537 2327 557 2356 4
575 2329 683 2359 Eamus
703 2338 771 2358 vero
788 2329 889 2365 judici.
