1651 2518
722 103 978 138 —104-

481 202 511 232 2.
537 199 646 232 Noctis
671 198 796 230 silentia
818 199 885 237 ¹jam
907 197 1146 238 praeterierant,

530 247 695 279 Tortorum
721 245 847 284 agmina
871 244 963 276 simul
989 246 1206 285 convenerant,

530 293 576 325 Ut
600 292 757 324 Christum
785 292 925 322 cruciant
949 293 980 322 et
1002 293 1102 322 morte
1126 289 1277 332 afficiant,

576 340 663 371 Inter
686 339 825 370 latrones
851 339 1011 376 deputent.

473 416 505 447 3.
531 415 608 446 Post
638 421 752 453 agnum
775 412 923 444 humilem
948 412 1133 443 conclavant
1150 411 1271 451 pariter

532 460 648 491 Furem
675 459 858 498 degenerem
883 458 957 489 hino
980 458 1056 489 inde
1080 456 1215 498 fortiter,

531 507 576 538 Ut
598 509 705 537 natum
731 506 861 546 virginis
888 505 994 536 dicant
1019 505 1219 536 concorditer

576 552 767 592 Deputatum
793 560 862 583 cum
886 551 1000 591 impiis.

477 629 508 660 4.
534 626 634 659 Dedit
657 625 823 665 fragilibus
850 626 993 658 Christus
1017 624 1175 665 fiduciam,

531 673 689 705 Monstrat
714 676 745 703 et
769 673 912 705 tristibus
936 681 1087 705 summam
1105 672 1271 711 justitiam,

530 719 614 752 Dum
638 729 696 759 pro
724 720 852 751 miseria
875 722 963 759 gesta
986 719 1144 751 miseriam

578 766 641 798 Dat
668 768 697 798 et
722 766 851 798 Dismae
876 766 1033 800 coelestia.

477 843 507 874 5.
534 841 587 873 Sic
609 841 672 872 ista
696 841 823 873 ordinat
845 840 936 873 nobis
961 840 1149 880 videntibus,

531 888 577 920 Ut
601 889 720 919 eoelum
744 887 866 919 tribuat
890 889 986 920 eorde
1010 888 1201 926 dolentibus,

533 933 693 967 Infernum
718 936 842 974 repleat
864 933 1150 973 impoenitentibus,

578 981 714 1021 Quisque
738 990 827 1013 suum
851 982 996 1021 accipiat.

476 1059 507 1089 6.
533 1056 627 1088 Panis
653 1056 810 1095 angelicus
835 1057 952 1088 latroni
974 1056 1113 1088 traditur

534 1103 579 1134 Et
602 1111 703 1134 comes
731 1103 865 1134 coeh'cus
889 1104 931 1134 acl
956 1103 1074 1134 coelum
1095 1103 1227 1143 tollitur,

535 1150 560 1182 Ο
585 1157 637 1181 res
661 1149 827 1189 mirabiIiS,
853 1152 978 1182 sanctus
1004 1148 1139 1181 efficitur

580 1196 728 1229 Paricida
753 1196 949 1229 damnabilis.

481 1273 511 1304 7,
536 1271 592 1311 Te,
617 1279 737 1302 summa
762 1271 863 1303 deitas
885 1279 1017 1312 unaque,
1043 1271 1211 1310 poscimus,

535 1318 581 1350 Ut
605 1318 712 1357 culpas
738 1318 858 1357 abluas,
883 1318 977 1349 noxia
1000 1317 1176 1356 subtrahas,

532 1364 598 1395 Des
620 1373 731 1403 paoem
754 1363 889 1406 famulis,
916 1373 974 1396 nos
998 1372 1121 1403 quoque
1143 1363 1275 1403 gloriam

580 1412 643 1443 Per
668 1414 780 1443 cuneta
802 1411 861 1443 tibi
886 1411 1019 1442 saecula.

286 1476 370 1502 Brev.
390 1474 566 1509 Segia-iente
585 1476 652 1510 irnp-
671 1475 838 1502 Vallisoleti
859 1472 940 1503 1527.
961 1488 998 1494 ——
1016 1473 1043 1509 4,
1063 1473 1082 1502 3
1101 1477 1189 1510 geste.

655 1612 714 1643 156.
752 1613 795 1643 De
814 1612 918 1643 saneto
941 1612 1057 1643 Disma.

759 1687 807 1717 Ad
826 1687 952 1717 Laudes.

482 1766 511 1799 1.
537 1765 644 1805 Latro,
670 1765 724 1805 qui
749 1765 891 1797 dextram
914 1766 1015 1798 tenuit
1038 1766 1189 1808 tonantis,

538 1811 615 1844 Gum
640 1812 740 1844 crucis
765 1815 896 1844 mortem
920 1813 1020 1845 voluit
1043 1812 1159 1855 subire,

538 1858 639 1891 Corde
663 1858 814 1891 ferventi:
841 1869 959 1892 memor
982 1863 1048 1891 esto
1067 1861 1177 1900 nostri,

582 1906 674 1938 Dixit
696 1906 776 1938 Iesu.

485 1983 515 2013 2.
541 1982 620 2013 Inde
646 1984 820 2014 consortem
843 1981 972 2013 sceleris
996 1981 1125 2013 adortus

537 2028 660 2068 Inquit:
687 2038 705 2060 o
729 2029 820 2071 latro,
847 2036 950 2059 eomes
971 2029 1006 2059 in
1028 2026 1145 2070 furore,

540 2074 606 2106 Nos
631 2076 765 2118 quidem,
792 2075 945 2115 quidquid
968 2074 1115 2114 patimur,
1143 2082 1309 2115 meremur,

583 2122 650 2154 Iste
673 2122 749 2162 quid
773 2120 859 2162 egit?

482 2197 513 2229 3.
539 2196 623 2228 Hinc
645 2197 721 2228 item
746 2199 871 2229 vertens
895 2194 1007 2228 faciem
1030 2196 1191 2228 remissam

536 2244 590 2275 Ad
614 2243 715 2276 Deum
740 2244 868 2275 clamat:
895 2252 1013 2274 memor
1037 2247 1103 2275 esto
1127 2243 1239 2282 nostri,

539 2289 672 2331 Christe,
699 2291 772 2323 dum
792 2290 918 2323 tandem
942 2290 1045 2322 venies
1070 2290 1180 2322 beatus

586 2337 637 2368 Ad
661 2344 716 2370 tua
740 2346 845 2377 regna.
