1651 2518
787 131 1037 165 —160-

724 238 788 267 272.
826 236 869 268 De
888 239 993 269 saneto
1013 239 1131 270 Jaeoho.

814 312 862 341 Ad
880 312 1034 349 Vesperas.

282 388 312 419 1.
337 388 424 420 Luce
446 388 565 419 micans
589 396 749 427 purpurea
959 390 990 422 4.
1016 390 1219 428 Apostolatus
1246 391 1380 421 culmine

338 435 416 466 Dies
440 435 546 466 illuxit
568 443 669 473 rosea,
1015 436 1105 467 Justo
1130 434 1278 467 fundatus
1303 436 1423 473 ordine,

341 481 426 520 Quae
452 481 491 513 (le
514 481 632 512 virtute
656 480 815 519 sanguinis
1016 481 1106 512 Vidit
1126 482 1160 512 in
1185 483 1300 515 Christi
1325 482 1406 514 facie

343 528 444 560 Sumit
469 529 669 566 augmentum
692 526 829 560 luminis,
1018 528 1169 560 coelestis
1191 527 1331 560 formam·
1346 528 1474 568 gloriae.

282 604 313 634 2.
338 601 462 633 Effudit
486 601 595 632 orbem
618 601 708 633 radio
964 604 993 634 5.
1019 602 1104 633 Rore
1128 602 1255 641 benigni
1278 602 1407 641 spiritus

344 649 404 680 Pia
427 647 540 680 Jacobi
563 648 680 686 passio,
1017 648 1194 680 inebriatus
1220 649 1359 685 coelitus,

343 695 403 733 Qui
430 695 469 726 de
493 694 586 733 spina
610 694 746 727 Judaica
1019 695 1225 734 Hermogenis
1249 695 1420 734 praestigia

342 741 429 773 Rosa
453 741 601 781 prorupit
625 741 752 773 coelica.
1021 741 1118 773 Verbi
1143 742 1237 773 solvit
1260 741 1410 781 potentia.

288 818 318 850 3.
346 816 441 848 Clara
465 818 631 855 parentum
655 817 737 848 serie
966 819 996 850 G.
1023 817 1159 848 Herodis
1185 816 1282 848 cruda
1305 816 1393 847 rabie

346 862 462 895 Affinis
489 864 555 904 regi
581 864 710 904 gloriae,
1022 864 1227 903 Decapitatus
1253 864 1347 895 hodie

346 911 408 942 Pro
431 919 491 950 quo
518 912 620 942 carnis
645 911 797 950 subsidia,
1023 912 1084 944 Per
1109 911 1237 942 calicem
1259 911 1403 950 martyn'i

345 957 472 989 Patrem
498 958 591 997 liquit
616 960 647 989 et
671 958 762 991 retia.
1025 958 1176 991 Coronam
1201 958 1334 997 sumpsit
1356 957 1466 990 bravii.

728 1026 757 1058 7.
784 1025 915 1056 Aeterni
939 1028 1030 1064 pater
1047 1023 1106 1056 fflii

785 1071 860 1104 Cum
884 1072 997 1111 spiritu
1022 1071 1126 1103 solatii

782 1119 848 1151 Nos
873 1119 984 1151 Jacobi
1008 1118 1154 1158 suffragio

784 1166 870 1199 Coeli
895 1169 1027 1206 reponat
1051 1166 1137 1197 solio.

359 1242 444 1269 Brev.
465 1249 516 1268 ms
540 1239 790 1276 Calagum-itanum
811 1249 885 1268 saec.
908 1239 950 1268 15.
973 1240 1040 1268 Cod.
1061 1240 1264 1267 Salmanticen.
1284 1238 1345 1266 186.
1366 1240 1400 1266 A.
1421 1253 1456 1258 -—
1471 1239 1572 1266 Diurn.

283 1288 335 1307 ms.
349 1281 532 1316 Legionense
548 1286 622 1306 oaew..
638 1276 681 1306 15.
703 1278 770 1306 Cod.
783 1278 875 1314 Capit.
887 1279 1044 1314 Legionen.
1059 1275 1104 1305 36.
1118 1278 1150 1305 13.
1166 1292 1199 1296 —
1214 1277 1296 1304 Brev.
1310 1276 1491 1303 Cordubense
1504 1277 1571 1310 imp.

284 1318 402 1352 Hispali
426 1314 506 1345 1524.
530 1316 559 1344 O.
582 1332 618 1336 ——
638 1317 721 1344 Brev.
737 1315 988 1352 Calagurritanum
1008 1318 1038 1343 et
1048 1315 1187 1343 Jaceense
1208 1316 1275 1350 imp.
1287 1314 1425 1342 Luci-onii
1442 1311 1521 1341 1534.
1535 1313 1570 1340 D.

724 1454 788 1485 273.
828 1454 870 1485 De
889 1454 994 1485 saneto
1014 1453 1133 1484 Jacobo.

799 1531 847 1560 Ad
865 1530 1054 1560 Nocturnum.

282 1613 313 1645 1.
339 1611 456 1651 Fulget
480 1610 546 1642 dies
571 1609 731 1651 victoriae,
962 1611 994 1641 4.
1019 1608 1113 1640 Hune
1136 1608 1272 1647 primum
1298 1616 1336 1638 ex
1360 1606 1511 1646 apostolis

341 1659 407 1698 Quo
432 1657 581 1696 JacobuS,
606 1655 663 1688 flos
688 1656 818 1697 gratiae,
1015 1655 1098 1687 Dum
1124 1655 1268 1687 dissentit
1291 1664 1312 1686 a
1336 1653 1481 1693 dysooES‚

342 1705 510 1738 Confessus
535 1707 643 1736 natum
666 1703 797 1745 virginis
1017 1702 1139 1734 Furens
1164 1702 1309 1734 Herodes
1334 1701 1438 1742 gladio

341 1753 465 1785 Statum
491 1752 621 1791 deponit
644 1751 788 1783 hominis.
1018 1750 1106 1782 Tulit
1131 1759 1147 1781 e
1170 1749 1279 1781 mundi
1303 1749 1416 1781 stadio.

283 1828 313 1860 2.
342 1827 514 1859 Gallilaeus
539 1827 698 1867 indigena,
962 1829 992 1860 5.
1019 1827 1093 1859 Plus
1117 1826 1291 1866 quantitate
1314 1824 1409 1864 pretii

341 1874 425 1906 Civis
452 1873 540 1913 coeli,
572 1883 634 1905 non
657 1874 789 1912 advena,
1020 1874 1160 1913 Sumpsit
1183 1873 1216 1904 in
1241 1871 1377 1904 fructum
1401 1871 1543 1911 praemii,

339 1921 428 1952 Dans
452 1920 559 1960 Moysi
583 1921 751 1959 repudium
1020 1920 1100 1952 Nam
1125 1920 1209 1959 quod
1233 1919 1380 1958 simplum
1404 1927 1488 1950 mors
1505 1917 1576 1949 abs-

338 1967 467 1999 Transit
491 1967 533 1998 ad
558 1967 764 2006 evangelium.
1350 1965 1432 2004 tulit,

1020 2013 1207 2052 Centuplum
1231 2020 1350 2044 merces
1375 2011 1528 2043 reddidit.

281 2089 311 2120 3.
341 2087 448 2127 Liquit
472 2095 577 2118 rerum
601 2087 818 2127 substantiam,
959 2089 989 2119 6.
1017 2087 1065 2118 Sit
1087 2088 1155 2118 laus
1180 2090 1307 2118 aeterno
1331 2086 1460 2125 numini,

337 2135 476 2173 Patrem,
502 2136 579 2172 rete,
605 2134 792 2173 naviculam,
1012 2134 1110 2173 Patri,
1136 2135 1271 2172 natoque
1293 2131 1421 2172 flamini,

337 2180 543 2219 Apostolatus
562 2181 703 2219 pondere
1017 2179 1075 2217 Qui
1099 2188 1158 2218 per
1181 2179 1293 2212 Jacobi
1316 2179 1450 2218 gratiam

340 2227 460 2259 Christi
486 2227 641 2258 dotandus
665 2235 804 2258 munere.
1017 2225 1135 2264 Culpae
1160 2226 1214 2256 det
1237 2225 1327 2256 nobis
1352 2227 1485 2260 veniam.

353 2299 436 2326 Brev.
457 2307 509 2326 ms.
533 2297 785 2335 Calagum-itanum
805 2308 878 2327 saee-
901 2298 943 2326 15.
971 2298 1038 2326 God.
1059 2298 1265 2325 Salmanticen.
1288 2296 1349 2326 186.
1370 2300 1405 2327 A.
1424 2316 1464 2320 —
1488 2302 1572 2330 Brev.

279 2335 463 2363 Cordubense
487 2337 555 2371 imp.
583 2338 702 2372 Hispali
728 2335 808 2364 1524.
834 2337 866 2363 Β.
892 2350 928 2354 —-
953 2337 1037 2363 Brev.
1064 2334 1316 2370 Calagum-itanum
1344 2339 1372 2364 et
1392 2337 1576 2370 Calciatense

277 2374 345 2408 imp.
365 2372 504 2400 Luerom'i
525 2371 606 2401 1534.
628 2375 659 2402 C.
