1651 2518
762 142 992 179 -54-

304 242 387 269 Brev.
414 240 602 269 Valentinum
631 240 699 275 imp.
723 238 848 273 Neapoli
881 235 962 265 1489.
989 239 1025 265 A.
1055 254 1091 258 —
1116 238 1199 266 Brev.
1226 239 1414 266 Valentinum
1446 239 1516 272 imp.

232 279 480 315 Caesaraugustae
500 275 582 305 1503.
601 278 635 304 B.
655 292 689 296 —
713 277 798 304 Brev-
816 275 1004 303 Valentinum
1022 277 1091 311 imp.
1110 276 1264 304 Valent-,iae
1284 274 1367 304 1533.
1388 276 1420 304 C.

305 318 365 344 Der
390 317 468 344 volle
494 315 568 342 Text
592 314 681 342 findet
705 314 767 342 sich
796 321 847 340 aus
872 312 1023 340 derselben
1043 313 1145 346 Quelle
1170 314 1224 340 wie
1250 314 1300 341 der
1326 311 1518 341 vorstehende

230 355 364 389 Hymnus
384 353 469 381 Anal.
488 352 555 387 XII,
577 350 614 379 64
632 361 674 387 sq.
696 352 770 379 ohne
787 351 936 378 Variante.

646 469 691 501 56.
730 469 766 500 In
786 468 996 499 [transfixione
1015 469 1103 500 BMV.

772 544 820 574 Ad
839 544 965 574 Laudes.

233 626 264 658 1.
289 625 340 656 De
365 633 456 655 cruce
477 624 543 662 jam
569 623 744 662 depositum
903 624 934 655 3.
962 622 1131 654 Concernis
1154 621 1268 652 vulnus
1291 621 1412 662 lateris,

286 671 386 702 Tuum
407 672 562 710 jacentem
588 670 704 709 gremio
960 668 1053 701 Unde
1077 667 1236 700 fluxerunt
1259 666 1387 700 fiumina

287 717 369 749 Dum
396 717 616 755 contemplaris
641 715 749 758 filium,
959 717 1021 748 Per
1044 718 1143 748 totum
1168 714 1274 746 orbem
1300 715 1459 755 sanguinis

288 764 359 795 Non
383 763 498 795 mansit
520 764 552 794 in
577 766 610 794 te
633 764 773 802 spiritus.
961 763 1011 794 Ad
1038 762 1195 802 expianda
1220 761 1361 794 crimina.

229 840 259 870 2.
287 839 395 871 Cernis
421 847 565 869 coronam
590 838 740 880 spineam,
900 839 933 872 4.
959 838 1035 869 Tuis
1057 837 1181 869 ablatus
1198 836 1335 868 brachiis

287 888 372 923 Quae
399 887 493 925 caput
517 885 582 923 ejus
608 884 760 925 perforat,
958 884 993 915 In
1021 883 1187 923 sepulchro
1212 884 1385 922 reponitur,
1417 909 1420 912 .

285 931 399 962 Manus
422 931 581 971 pedesque
605 932 760 970 conspicis
962 931 1031 962 Tua
1057 929 1174 962 defecit
1197 930 1300 961 anima

286 978 329 1009 Et
352 976 546 1018 flagellorum
575 978 712 1010 vulnera.
959 977 1096 1008 Tristem
1120 985 1276 1008 recessum
1304 976 1452 1016 cogitans.

618 1043 649 1075 5.
676 1043 701 1075 O
726 1042 901 1082 personalis
924 1042 1059 1081 trinitas,

674 1089 895 1121 Substantialis
919 1089 1035 1130 unitas,

673 1136 724 1168 Da
747 1145 803 1168 nos
828 1138 986 1167 consortes
1012 1135 1095 1167 effici

675 1182 900 1214 Transfixionis
925 1183 1066 1222 virginis.

304 1247 386 1274 Brev.
419 1246 606 1274 Valentinum
635 1248 703 1283 imp.
733 1247 858 1282 Neapoli
890 1244 972 1274 1489.
1000 1247 1034 1274 A.
1062 1261 1100 1266 —
1123 1246 1207 1274 Brev.
1234 1246 1419 1273 Valentinum
1448 1247 1517 1280 imp.

231 1284 478 1321 Caum-augustae
499 1282 580 1312 1503.
602 1285 637 1312 B.
655 1300 694 1304 —
714 1285 798 1312 Brev.
817 1284 1005 1312 Valentinum
1024 1286 1093 1320 imp.
1114 1283 1268 1310 Valentiae
1290 1281 1373 1311 1533.
1393 1284 1424 1311 C.

638 1404 681 1434 57.
720 1404 763 1434 De
786 1403 994 1443 compassione
1014 1403 1101 1435 Bmv.

740 1479 788 1508 Ad
806 1478 994 1508 Nocturnum.

238 1557 266 1589 1.
291 1555 410 1595 Gaude,
439 1555 517 1587 coeli
542 1556 638 1596 curia,
906 1559 936 1590 2.
964 1557 1084 1599 Gaude,
1110 1555 1178 1589 Deo
1206 1556 1341 1597 deditus,

336 1603 381 1634 Te
405 1603 493 1641 virgo
520 1602 689 1642 decoravit,
1010 1603 1187 1636 Virtutibus
1214 1603 1335 1642 ditaris,

289 1649 372 1687 Quae
399 1648 515 1681 Christi
543 1652 652 1680 sancta
675 1650 805 1682 brachia
964 1650 1046 1682 Dum
1071 1651 1128 1683 sub
1156 1658 1248 1681 cruce
1272 1651 1392 1689 positus

337 1697 414 1728 Post
436 1698 568 1727 mortem
593 1698 783 1729 attrectavit.
1010 1698 1146 1730 Mariam
1172 1697 1403 1737 contemplaris.

621 1764 650 1795 3.
679 1762 797 1806 Gaude,
823 1765 981 1805 peccator,
1008 1764 1101 1795 venia

729 1810 818 1841 Tunc
841 1809 900 1840 tibi
924 1810 1121 1852 propinatur,

677 1855 759 1887 Dum
783 1856 892 1888 matris
917 1857 1088 1896 ignominia

725 1903 788 1935 Sub
816 1911 907 1934 cruce
932 1904 1121 1936 consolatur.

304 1966 383 1993 Orat.
402 1975 455 1993 ms.
477 1965 507 1992 S.
528 1966 684 1994 Clementis
702 1968 838 1995 Toletani
857 1976 932 1994 saec.
953 1965 998 1995 15.
1019 1967 1088 1995 Cod..
1107 1966 1255 1994 Matriten.
1275 1968 1371 1995 Tolet.
1392 1965 1457 1994 122.

637 2085 683 2116 58.
726 2086 766 2116 De
786 2085 997 2125 compassione
1016 2086 1103 2117 BMV.

777 2159 825 2189 Ad
840 2160 974 2189 Primam.

231 2236 261 2268 1.
289 2236 385 2274 Quem
411 2239 523 2268 cuncta
550 2246 645 2276 super
669 2238 776 2269 sidera
911 2238 941 2268 2.
968 2238 1053 2276 Quae
1075 2238 1162 2276 virgo
1186 2238 1247 2269 Dei
1271 2237 1370 2271 filium

289 2282 411 2322 Colunt,
443 2283 587 2324 adorant,
615 2285 812 2324 praedicant,
966 2284 1054 2315 Tunc
1079 2284 1185 2323 genuit
1208 2293 1377 2326 puerpera,

287 2329 421 2362 Peccata
444 2332 553 2361 nostra
575 2334 683 2362 vetera
966 2329 1036 2361 Stat
1059 2338 1184 2370 gemens
1209 2331 1250 2362 ad
1275 2333 1466 2372 supplicium

289 2376 342 2407 Ad
367 2385 492 2407 crucem
519 2385 594 2408 vere
618 2381 800 2416 provocant.
965 2378 1129 2410 Cernendo
1155 2378 1255 2408 crucis
1276 2380 1400 2415 misera.
