1651 2518
717 82 953 106 ——55—

534 182 582 212 22.
620 181 664 212 De
681 180 829 212 Passieno
848 179 996 220 Imaginis
1019 179 1141 212 Clu-isti.

707 257 756 286 Ad
774 256 963 286 Nocturnum.

220 362 226 367 .
249 335 355 376 Pange
377 335 483 375 lingua
507 334 635 374 gloriosi
866 335 897 366 3.
922 333 1020 365 Fides
1043 335 1154 365 nostra
1175 333 1342 365 roboratur

296 382 448 421 proelium
475 381 663 420 certaminis,
969 389 1028 419 pro
1052 382 1140 412 tanto
1163 380 1315 412 miraculo

248 428 443 460 Renovatum
467 428 500 459 in
524 427 625 467 figura
922 426 965 458 Et
988 427 1111 458 Judaea
1136 428 1184 458 est
1209 424 1339 458 confusa

294 476 358 514 jam
383 474 524 513 sculptae
547 474 703 513 imaginis,
969 473 1137 511 pravitatis
1159 472 1283 514 merito,

248 520 345 559 Quam
369 519 472 552 affixit
495 521 545 552 vir
568 520 707 553 Judaeus
923 520 1002 559 Spes
1027 522 1159 559 augetur
1183 519 1362 551 Christiana

295 569 397 606 turpis
422 570 531 599 auctor
555 567 702 601 criminis.
969 575 1027 606 pro
1052 568 1139 597 tanto
1165 566 1302 599 oraculo.

216 657 222 663 .
252 632 384 671 Sanguis
409 631 501 663 fluxit
527 632 565 662 tle
589 631 698 672 figura,
866 634 896 664 4.
926 631 1035 663 Gloria
1060 634 1092 662 et
1115 631 1215 662 honor
1239 630 1307 663 Deo

299 679 417 710 cunctis
442 687 535 710 cruor
560 678 673 710 claruit
968 686 1128 717 usquequo
1154 678 1317 711 altissimo,

248 725 358 765 Neque
381 725 501 757 Judaeo
526 725 690 763 sculptura
921 724 994 757 Una
1017 726 1103 764 patri
1126 723 1262 765 filioque,

295 771 419 803 virtutis
446 776 477 803 et
500 771 646 813 numinis,
971 771 1081 803 inclito
1105 772 1269 811 paraclito,

250 818 345 856 Quem
371 821 514 850 caecarat
538 826 696 858 synagoga
926 817 983 850 Cui
1007 819 1075 850 laus
1101 821 1149 849 est
1173 820 1205 848 et
1227 819 1369 857 potestas

296 865 482 897 detestanda
507 865 646 905 singulis.
970 873 1028 905 per
1050 867 1180 897 aeterna
1202 865 1338 896 saecula.

268 929 353 958 Brev.
375 928 626 964 Calagurritanum
646 930 676 955 et
695 928 877 956 Calciatense
895 930 965 964 imp.
984 928 1125 955 Lueronii
1145 925 1227 956 1543.

521 1056 567 1087 23.
605 1056 641 1087 In
660 1055 858 1087 Dedicatione
877 1055 965 1088 urhis
986 1055 1151 1087 Grauatae.

736 1131 772 1160 In
790 1130 938 1169 Vesperis.

221 1233 227 1240 .
252 1209 369 1248 Pange,
395 1208 512 1249 lingua,
540 1216 615 1239 voce
639 1208 704 1240 alta
868 1210 898 1241 3.
924 1209 1135 1240 Personarum
1161 1207 1335 1239 trinitatem

296 1255 462 1294 Triumphi
486 1255 698 1297 praeconium,
970 1253 1135 1286 Diffitetur
1159 1255 1274 1293 impius

250 1301 374 1333 Laudes
396 1301 463 1333 Deo
488 1310 614 1340 semper
639 1302 731 1333 canta
923 1301 967 1332 Et
990 1302 1161 1339 sumpsisse
1184 1300 1410 1332 humanitatem

297 1348 458 1380 Conditori
482 1349 627 1386 omnium,
969 1347 1070 1379 Deum
1094 1351 1188 1387 negat
1209 1348 1336 1386 inscius,

249 1395 309 1434 Qui
332 1395 469 1426 edomita
491 1394 633 1426 Granata
923 1394 1022 1426 Tollit
1044 1392 1121 1426 fidei
1145 1395 1296 1433 pietatem

297 1441 396 1473 Bellis
421 1441 509 1472 dedit
532 1442 693 1475 somnium.
968 1440 1078 1472 Multis
1101 1441 1172 1472 aliis
1196 1441 1329 1472 nescius.

218 1531 225 1538 .
252 1506 349 1538 Dedit
374 1507 491 1546 quippe
515 1515 623 1546 pacem
647 1507 772 1546 plenam
865 1508 896 1539 4.
922 1505 1023 1538 Deum
1048 1509 1169 1545 patrem
1193 1515 1249 1537 nos
1274 1506 1436 1538 laudemus

298 1553 425 1592 Populis
449 1553 632 1593 Hispaniae,
969 1554 1075 1592 Atque
1098 1557 1239 1584 sanctum
1263 1552 1419 1594 spiritum,

249 1600 348 1631 Dedit
369 1602 471 1631 autem
495 1600 610 1631 malam
636 1608 761 1632 coenam
923 1599 1058 1631 Verbum
1087 1608 1208 1639 quoque
1232 1599 1399 1631 adoremus

296 1647 471 1678 Mahumeti
492 1647 644 1686 insaniae,
969 1645 1071 1678 Verae
1095 1647 1184 1678 carni
1205 1646 1344 1687 insitum,

250 1694 308 1733 Qui
332 1693 432 1725 illusit
457 1693 661 1725 Sarracenam
921 1693 965 1725 Et
988 1696 1111 1724 uterum
1135 1693 1332 1733 honoremus,

299 1740 430 1772 Gentem
457 1744 488 1771 et
510 1740 659 1772 Arabiae.
971 1740 1037 1778 Quo
1062 1738 1123 1771 fuit
1146 1739 1237 1772 nobis
1263 1740 1394 1774 editum.

267 1803 347 1831 offic.
368 1813 420 1832 ms.
441 1805 620 1832 Granatense
639 1813 713 1832 saec.
736 1802 779 1832 15.
801 1813 843 1831 ex.
865 1804 934 1831 Cod.
955 1805 1047 1840 Capit.
1063 1804 1290 1840 Compostellani
1308 1814 1331 1832 s.
1351 1814 1379 1831 n.
1397 1805 1430 1832 A.
1445 1819 1481 1824 ——

191 1843 273 1869 Brev.
291 1842 469 1869 Granatcnse
489 1843 558 1878 imp.
573 1843 718 1870 Granatae
739 1840 820 1870 1544.
833 1842 866 1870 B.
880 1856 916 1860 —
931 1840 956 1877 2,
977 1840 995 1870 3
1008 1842 1184 1877 Terramque
1197 1842 1319 1870 abstulit
1330 1850 1481 1870 amoenam

192 1880 224 1912 Β,
246 1879 373 1907 offenbar
392 1881 506 1914 spiitere
524 1880 694 1907 Korrektur.

521 2007 568 2037 24.
607 2006 642 2038 In
661 2007 859 2039 Dedicatione
879 2006 966 2039 urbis
988 2006 1151 2039 Gra-natae.

705 2084 753 2114 Ad
771 2085 817 2115 No
821 2088 959 2114 oturnum.

507 2162 538 2194 1.
564 2161 669 2193 Sacris
692 2162 850 2194 solemniis
871 2162 982 2201 juncta
1006 2162 1070 2194 sint
1092 2163 1217 2202 gaudia,

564 2208 610 2239 Et
633 2217 672 2240 ex
696 2210 891 2248 praecordiis
916 2211 1028 2241 sonent
1050 2211 1230 2250 praeconia,

562 2255 726 2287 Recedant
749 2259 867 2295 vetera,
893 2265 974 2287 nova
997 2256 1062 2288 sint
1085 2257 1199 2299 omnia,

610 2301 724 2343 Corda,
748 2311 840 2335 voces
866 2305 898 2334 et
921 2311 1028 2343 opera.
