1651 2518
663 186 709 216 47.
748 184 783 215 In
802 182 988 215 Visitatione
1009 183 1085 214 BMV

757 259 805 288 Ad
827 258 1015 288 Nocturnum.

240 341 269 371 l.
296 338 456 370 Generosa
476 340 564 378 virgo
588 346 718 377 surgens

342 388 497 424 tamquam
523 384 597 416 solis
622 384 729 416 radius

296 431 421 462 Montes
446 431 570 463 scandit
595 429 773 462 festinando

342 478 495 516 inspirata
521 477 659 515 coelituS,

296 523 443 555 Proced1t
466 532 526 555 non
552 523 741 554 demorando

340 570 435 609 plena
460 570 528 601 Deo
552 570 687 607 penitus.

241 656 271 686 2.
298 653 440 684 Audiens
466 662 485 684 a
510 651 659 683 Gabriele

346 702 529 738 conceptum
553 697 728 738 Elisabeth,

299 745 455 785 Concepto
480 745 576 777 verbo
603 744 707 776 divino

343 792 481 831 perrexit
507 801 526 823 a
548 791 718 830 Nazareth,

300 838 469 878 Cognatam
494 840 528 869 ut
552 838 705 877 visitaret,

342 885 403 916 Dei
426 888 527 917 mater
549 884 694 923 ipsamet.

242 972 272 1003 3.
299 969 498 1002 Hierusalem
522 969 555 1000 in
579 971 726 1000 montana

343 1017 411 1048 adit
433 1016 522 1056 virgo
546 1016 712 1058 virginum,

296 1062 415 1094 Ferens
441 1066 532 1095 utero
556 1062 706 1094 latentem

342 1109 361 1141 J
363 1116 459 1140 esum*
470 1109 629 1141 Christum
653 1108 830 1151 Dominum,

300 1155 460 1188 Plaudunt
482 1158 603 1188 montes
628 1156 819 1187 exsultantes

342 1212 361 1234 a
386 1204 555 1241 conspeetu
578 1202 748 1236 numinum.

240 1290 273 1322 4.
298 1288 402 1320 lutrat
427 1287 551 1319 domum
575 1286 748 1318 Zachariae

342 1335 432 1374 virgo
455 1334 517 1365 Dei
541 1334 686 1373 genitrix,

299 1381 436 1421 Cumque
463 1381 554 1412 dulce
577 1381 742 1422 salutatur,

344 1437 423 1467 quae
447 1430 577 1459 vocatur
602 1427 729 1467 sterilis,

298 1474 424 1507 Gaudet
446 1474 550 1506 infans
577 1477 606 1505 et
632 1474 767 1505 laetatur

342 1521 461 1553 ventris
487 1522 588 1553 latens
613 1520 739 1553 abditis.

908 337 939 368 5.
967 334 1080 366 Sancto
1105 334 1220 374 spiritu
1243 334 1385 374 repletur

1013 390 1091 413 anus
1116 383 1225 412 sancta
1249 380 1391 420 gravida,

966 427 1155 458 Exsultante
1179 434 1387 466 praecursore

1011 474 1096 505 intra
1119 482 1175 505 sua
1199 473 1330 514 viscera,

969 520 1054 559 Quae
1078 519 1238 551 laudando
1263 519 1323 551 Dei
1348 520 1479 549 matrem

1018 567 1132 597 elamat
1157 574 1235 597 voce
1258 565 1383 597 valida:

936 676 941 682 .
968 650 1063 683 Unde
1088 650 1154 692 hoe,
1182 658 1199 681 ο
1223 649 1392 682 benedicta

1016 700 1051 728 tu
1074 696 1107 727 in
1132 696 1325 735 mulieribus,

971 743 1094 775 Sterilis
1119 746 1151 774 et
1176 743 1328 774 derelicta

1016 790 1123 822 multis
1145 791 1211 830 jam
1235 790 1429 829 temporibus

970 837 1089 870 Meruit
1113 837 1161 868 sie
1184 837 1305 868 visitari

1015 883 1124 916 matris
1149 884 1211 916 Dei
1232 883 1460 923 adspectibus?

936 993 942 999 .
969 968 1077 1007 Beata,
1104 977 1184 1007 quae
1209 968 1373 999 credidisti

1016 1017 1080 1046 tam
1103 1015 1325 1060 virilianimO,

972 1061 1227 1101 Complebuntur‚
1254 1070 1333 1101 quae
1358 1062 1484 1102 audisti,

1016 1111 1173 1140 annuente
1195 1108 1342 1146 Domino,

971 1155 996 1187 Ο
1014 1155 1137 1194 'quanta
1161 1155 1371 1194 promeruisti,

1019 1201 1098 1233 felix
1122 1202 1191 1233 sine
1215 1201 1358 1233 termino.

938 1312 944 1318 .
972 1285 1086 1317 Sancto
1108 1284 1227 1318 flamini
1250 1287 1291 1317 sit
1315 1286 1415 1318 honor

1017 1333 1196 1372 gravidanti
1216 1333 1369 1373 virginem

969 1379 1052 1411 Sexu
1075 1380 1234 1420 prolisque
1260 1380 1373 1411 <litanti

1018 1429 1178 1458 senectute
1201 1427 1350 1466 sterilem,

971 1473 1080 1505 Honor
1104 1474 1188 1513 patri
1212 1472 1339 1513 filioque

1019 1529 1077 1559 per
1100 1521 1252 1552 immensa
1277 1520 1412 1553 saecula.

313 1586 395 1613 Brev.
415 1594 467 1613 ms.
483 1585 539 1613 FF.
561 1584 589 1612 S.
603 1584 777 1619 Hieronymi
798 1585 867 1612 anni
882 1581 961 1612 1463.
984 1583 1054 1611 Cod.
1068 1584 1214 1612 Matriten.
1228 1585 1253 1611 A
1270 1582 1331 1612 169.
1350 1584 1379 1611 A.
1394 1598 1430 1603 ω·-
1444 1584 1529 1611 Brev.

238 1625 294 1652 FF.
316 1623 344 1650 S.
365 1623 537 1658 Hieronymi
563 1623 632 1658 imp.
653 1622 790 1658 Lugduni
818 1619 897 1650 1547.
918 1622 950 1649 B.
980 1636 1017 1640 —
1037 1622 1121 1649 Brev.
1141 1622 1197 1650 FF.
1218 1622 1247 1649 S.
1267 1623 1442 1657 Hieronymi
1460 1623 1529 1658 imp.

241 1661 490 1697 Caesaraugustae
512 1658 592 1688 1562.
613 1660 644 1688 G.

666 1779 716 1810 48.
753 1778 790 1810 In
806 1778 996 1810 visitatione
1015 1779 1102 1811 BMV.

786 1854 834 1884 Ad
853 1854 979 1885 Laudes.

240 1934 269 1966 1.
295 1932 365 1964 Vox
390 1933 477 1963 clara
502 1931 601 1963 dulcis
627 1932 741 1971 sonuit,

295 1979 364 2010 Vox
389 1979 522 2010 turturis
545 1978 655 2010 audita
679 1982 735 2017 est,

298 2025 374 2058 Cum
399 2024 487 2064 virgo
512 2024 572 2056 Dei
597 2024 732 2065 genitrix

297 2071 452 2104 Salutavit
473 2070 648 2103 Elisabeth.

916 1933 947 1964 2.
975 1932 1112 1963 Verbum
1136 1940 1232 1964 suave
1256 1933 1389 1973 protulit

972 1978 1068 2017 Virgo
1093 1978 1177 2009 mitis
1204 1979 1337 2020 eloquio,

973 2024 1060 2063 Quod
1088 2024 1223 2055 dulciter
1244 2029 1279 2057 ut
1302 2027 1417 2067 sonuit,

973 2069 1098 2101 Gaudet
1114 2070 1218 2103 infans
1244 2073 1278 2103 in
1301 2075 1401 2106 utero.

312 2136 396 2163 Brev.
423 2143 474 2163 ms.
500 2134 556 2163 FF.
583 2134 612 2162 S.
632 2134 807 2170 Hieronymi
834 2135 904 2162 anni
930 2131 1010 2162 1463.
1033 2134 1100 2161 Cod.
1120 2135 1269 2163 Matriten.
1288 2137 1323 2163 A.
1355 2135 1421 2165 169.
1441 2138 1475 2165 A.
1497 2153 1534 2158 —

237 2174 341 2201 Diurn.
375 2182 428 2200 ms.
455 2172 510 2200 FF.
540 2172 568 2199 S.
595 2173 767 2206 Hieronymi
793 2180 868 2199 saec.
896 2169 938 2198 15.
966 2170 1033 2198 Cod.
1060 2171 1089 2198 S.
1116 2172 1293 2200 Ferdinandi
1312 2174 1460 2202 Matriten.
1489 2175 1532 2205 13.

238 2211 271 2238 B.
300 2225 335 2230 -
366 2210 451 2237 Brev.
477 2210 534 2238 FF.
560 2209 590 2236 S.
615 2210 790 2244 Hieronymi
817 2210 885 2244 imp.
913 2207 1049 2244 Lugduni
1079 2206 1161 2236 1547.
1188 2208 1219 2235 O.
1243 2224 1280 2229 —-
1307 2211 1392 2238 Brev.
1418 2212 1475 2240 FF.
1503 2214 1533 2242 S.

239 2248 411 2281 Hieronymi
431 2248 499 2282 imp.
520 2246 768 2281 Caesaraugustae
789 2244 871 2274 1562.
892 2246 928 2272 D.

317 2284 376 2310 Der
394 2284 473 2311 volle
491 2285 566 2311 Text
585 2284 634 2312 des
654 2284 787 2318 Hymnus
807 2283 896 2310 findet
915 2283 977 2309 sich
995 2290 1046 2309 aus
1067 2283 1218 2311 derselben
1235 2283 1338 2317 Quelle
1356 2287 1412 2314 wie
1432 2287 1481 2315 Νι·-
1495 2287 1533 2317 46

248 2320 389 2348 Analecta
406 2321 475 2354 ΧΠ,
494 2319 547 2356 583
567 2321 614 2348 die
634 2322 748 2356 einzige
770 2321 909 2350 Variante
929 2321 969 2347 ist
987 2317 1014 2353 6,
1036 2318 1051 2347 1
1071 2320 1172 2348 Gaude
1191 2323 1263 2349 statt
1281 2321 1402 2351 Plaude.
