1651 2518
683 114 935 150 —277—

163 208 194 240 5.
220 207 442 250 Baptizabant‚
467 209 520 249 qui
546 209 728 250 eredebant,
842 211 874 243 7.
898 209 948 241 Ex
971 211 1102 249 utraque
1126 209 1217 249 nigra
1241 209 1345 241 cordis

266 255 420 287 trinitatis
443 256 556 297 gratia,
945 256 1105 288 caecitatis
1130 255 1244 287 nebula

222 301 448 345 Res01vebant‚
474 312 551 343 quos
575 302 735 343 lavabant,
898 303 996 335 Verbi
1019 303 1080 335 Dei
1103 302 1258 334 incarnati

268 352 470 389 peccatorum
497 350 630 391 vincula,
945 349 1087 390 negando
1111 349 1262 389 mysteria

222 397 319 429 Jussu
341 399 490 436 tactuque
507 397 709 436 expellebant
898 396 1076 429 Innocentis
1100 396 1179 428 ritus
1203 396 1304 435 gentis

269 443 364 475 saluti
388 444 559 476 contraria.
945 443 1070 476 deridet
1095 443 1232 475 vesania.

166 510 196 541 6.
220 509 414 541 Judaeorum
439 507 631 549 perfidorum
841 510 872 542 8.
899 508 1087 548 Sepulturae
1112 508 1183 547 quia
1211 508 1323 549 dignae

272 556 392 587 exarsit.
415 555 536 588 invidia
943 555 1057 587 meruit
1081 555 1239 594 obsequia²

225 603 330 635 Stulta
353 603 456 642 nimis,
482 611 583 636 novae
607 603 683 643 legis
900 601 1044 634 Gloriose
1067 602 1135 642 tibi,
1163 601 1296 641 Christe,

271 658 333 680 non
360 650 491 681 eredens
515 650 682 689 magnalia,
949 651 1054 690 grates
1078 648 1193 681 reddat
1214 648 1329 688 Albus,

225 695 388 728 Idolatrae
412 697 514 736 gentis
539 697 652 729 turbae
906 696 963 728 Cui
985 696 1053 728 laus
1079 698 1110 727 et
1132 697 1272 735 potestas

273 741 359 775 facta
383 746 431 775 est
457 744 610 778 consocia,
951 751 1009 783 per
1033 745 1161 774 aeterna
1184 742 1318 775 saecula.

167 845 185 872 d
221 807 326 873 ’laem
346 807 493 836 Abulense
518 809 586 844 imp.
609 807 821 835 Salamantieae
849 806 929 836 1551.
954 822 989 827 -—
1020 806 1048 841 1,
1077 806 1096 835 4
1114 807 1223 835 laudat.
1243 824 1249 828 -
1298 806 1331 843 8,
1358 805 1376 835 5
1394 808 1459 835 laus

187 853 254 873 re1s1
288 854 327 881 ig.

431 944 498 976 485.
537 945 580 976 De
599 952 638 976 ss.
659 944 830 982 Vincentio,
851 942 966 976 Sabina
986 945 1018 975 et
1038 943 1201 975 Christeta.

687 1010 734 1040 Ad
753 1010 942 1040 Nocturnum.

172 1082 202 1114 1.
230 1082 372 1114 Dasiano
393 1081 573 1113 truculento
849 1081 881 1112 3.
907 1079 1089 1111 Vincentius
1113 1081 1147 1110 et
1170 1079 1287 1112 Sabina

277 1130 353 1161 data
376 1131 451 1160 sunt
471 1128 615 1169 imperia,
952 1127 1120 1158 trahuntur
1144 1129 1176 1157 et
1201 1126 1359 1158 Christeta

231 1175 381 1208 Cruciare
405 1178 437 1207 et
459 1178 610 1215 mactare,
906 1172 950 1205 Et
974 1173 1097 1213 equulei
1121 1175 1300 1205 constanter

281 1232 358 1262 quos
382 1225 470 1254 tenet
492 1221 658 1262 Hispania,
953 1220 1166 1252 conscendunt
1188 1219 1368 1259 suspendia,

232 1269 438 1309 Christianos,
463 1269 523 1302 Dei
548 1271 683 1307 sanctos,
912 1266 1075 1298 Verberati
1099 1270 1131 1298 et
1155 1267 1290 1298 contorti

282 1317 403 1349 erudeli
428 1316 565 1349 vesania.
953 1313 1161 1346 Contemnunt
1184 1313 1349 1353 supplicia.

174 1384 206 1416 2.
232 1381 438 1415 Diversorum
461 1383 688 1413 tormentorum
847 1380 881 1412 4.
907 1377 1089 1411 Glorianter
1114 1381 1146 1411 et
1169 1380 1325 1413 laetanter

278 1429 504 1469 conquiruntur
529 1436 654 1469 genera,
952 1429 1125 1466 sequuntur
1150 1427 1282 1466 vestigia

232 1475 318 1514 Quae
343 1476 497 1508 ministris
521 1475 561 1507 ab
588 1474 703 1514 iniquis
908 1472 1025 1505 Christi
1049 1474 1097 1505 sui
1118 1473 1270 1515 crucifixi,

277 1532 349 1555 mox
373 1524 502 1555 adstant
526 1522 707 1561 composita,
955 1521 1028 1552 dum
1053 1519 1161 1552 ferunt
1181 1521 1343 1560 martyria,

233 1570 404 1602 Christiani
431 1570 473 1602 ad
498 1570 577 1601 haec
600 1578 713 1609 magna
906 1567 968 1599 Pro
993 1567 1126 1599 terrenis
1150 1569 1300 1607 perituris

280 1620 411 1649 currunt
436 1625 505 1648 oum
527 1616 661 1648 laetitia.
956 1617 1147 1646 commutant
1171 1615 1327 1647 coelestia.

540 1683 571 1715 5.
597 1681 693 1714 Laxis
717 1680 810 1720 lignis
835 1684 910 1711 tune
935 1680 1107 1719 conjunctis

645 1729 862 1767 exprimuntur
887 1726 1026 1767 cerebra,

597 1775 711 1815 sicque
737 1775 822 1806 vitae
846 1774 919 1806 dato
942 1773 1005 1806 fine

649 1825 767 1854 exuunt
790 1821 944 1863 mortalia,

596 1870 659 1902 Sed
683 1869 741 1901 hos
766 1868 900 1901 coelicus
925 1871 1094 1900 conventus

643 1916 777 1957 suscipit
799 1917 831 1948 in
856 1917 966 1956 gloria.

250 1987 333 2014 BreV.
354 1985 502 2014 Abulense
522 1986 590 2020 imp.
612 1982 826 2010 Salamantieae
846 1979 927 2009 1551.
967 1997 988 2001 -
1007 1979 1039 2015 5,
1072 1979 1086 2008 1
1107 1981 1173 2009 Lies
1194 1981 1280 2010 Saxis
1300 1981 1407 2018 lignis?
1432 1998 1468 2003 -

170 2025 233 2053 Der
251 2025 386 2060 Hymnus
408 2032 446 2051 zu
466 2023 521 2050 den
540 2021 655 2049 Laudes
675 2022 715 2049 ist
735 2019 770 2047 de
786 2018 946 2047 Communi.

584 2141 654 2174 486.
693 2139 736 2172 De
756 2141 861 2171 saneto
882 2139 1057 2172 Volusiano.

174 2226 203 2258 1.
231 2225 268 2257 In
293 2223 442 2263 martyris
465 2221 616 2255 solemnio
854 2221 885 2252 2.
911 2219 1047 2252 Plaudat
1070 2220 1220 2253 Faxentis
1246 2221 1352 2253 concio

233 2271 393 2305 Canoniea
415 2270 572 2311 professio
911 2267 955 2299 Et
978 2270 1044 2300 tota
1068 2268 1110 2299 sit
1132 2268 1165 2299 in
1189 2268 1314 2309 gaudio,

232 2319 346 2360 Dignis
371 2318 508 2351 exsultet
531 2316 662 2350 vocibus
913 2315 997 2354 Quae
1020 2314 1062 2347 ad
1086 2315 1197 2347 salutis
1222 2316 1377 2348 cumulum

233 2366 340 2400 Sacris
365 2366 542 2398 adhaerens
567 2364 717 2396 moribus,
913 2363 1029 2402 Pignus
1057 2362 1155 2395 habet
1177 2372 1215 2396 ao
1238 2364 1389 2396 tumulum
