1651 2518
655 99 908 135 —219-

412 196 444 227 3.
471 195 570 227 Cui-as
594 196 796 235 multiplices,
821 197 941 233 sancta,
966 196 1097 234 repente

469 241 652 281 Languores
678 241 847 281 hominum,
871 241 1014 281 supplice
1037 242 1141 272 mente

472 287 546 320 Cum
568 289 654 328 juste
677 288 797 328 petitur
820 297 879 328 pro
902 289 1051 332 patiente,

469 334 584 375 Sospes
609 336 718 376 surgit,
743 334 811 366 abit
835 335 929 374 plebe
953 336 1090 368 vidente.

408 430 439 460 4.
467 427 581 468 Stirpis
606 428 781 460 Davidicae
806 428 902 468 digna
925 438 1076 472 propago,

469 474 578 515 Gignis
603 474 761 515 pacificos,
787 476 874 515 pacis
899 476 1012 517 imago,

466 521 515 553 Ne
537 531 594 553 nos
621 522 774 562 deglutiat
798 531 891 554 saeva
916 532 1044 563 vorago,

466 567 607 601 Defensa
629 570 787 609 precibuS,
814 570 874 609 eja,
899 570 1018 610 virago.

411 664 439 696 5.
463 662 597 703 Mariae,
620 664 765 706 petimus,
790 664 900 695 matris
923 672 1039 704 amore,

466 709 560 749 GuJ'us
580 712 614 742 tu
638 719 728 742 soror
753 718 785 741 es
810 710 913 750 impar
938 712 1064 755 honore,

466 756 620 789 Natorum
643 757 801 798 precibus,
830 766 906 797 quos
932 759 1079 800 genuisti,

465 804 536 836 Duc
559 814 616 837 nos
641 805 682 838 ad
708 805 804 845 geniti
828 806 944 844 gaudia
967 805 1095 838 Christi.

409 899 440 930 6.
467 897 515 929 Sit
539 899 624 937 patri
651 899 745 930 decus
770 900 802 929 et
826 899 926 938 gloria
950 902 1034 939 nato,

467 944 582 977 Sancto
607 946 733 985 spiritui
757 946 858 985 gratia
882 948 970 985 grato

468 991 561 1023 Nunc
584 995 614 1023 et
640 995 786 1024 continue
810 1001 934 1032 semper
960 995 991 1024 et
1013 994 1107 1031 ultra,

461 1039 520 1078 Qui
546 1040 624 1071 vivit
648 1040 815 1071 moderans
839 1040 965 1071 saecula
989 1043 1109 1072 cuncta.

212 1113 296 1140 Brev.
317 1122 370 1140 ms.
392 1111 657 1148 Compostellanum
679 1121 753 1140 saec.
776 1110 818 1140 15.
840 1112 908 1140 Ood.
930 1112 1022 1148 Capit.
1044 1113 1228 1148 Oompostell.
1250 1121 1272 1140 s.
1293 1122 1320 1140 n.
1340 1114 1374 1141 A.

139 1151 222 1178 Brev.
252 1150 514 1186 Compostellanum
547 1151 615 1186 imp.
642 1151 817 1187 Ulisiponae
847 1148 927 1178 1497.
953 1152 985 1178 B.
1015 1166 1052 1170 —-
1077 1151 1160 1178 Brev.
1190 1151 1332 1178 Auriensu
1361 1152 1430 1187 imp.

136 1188 332 1216 Salmanticae
353 1186 434 1216 1501.
456 1187 486 1214 O.
540 1202 543 1206 ν
562 1188 646 1215 Brev.
664 1188 927 1216 Commstellanum
946 1190 1014 1225 imp.
1029 1188 1222 1217 Salmantica*
1245 1187 1277 1216 15
1281 1187 1324 1216 69.
1340 1190 1375 1216 D.
1423 1203 1431 1207 -

137 1224 163 1290 ᾖ
184 1223 201 1253 3
222 1226 312 1291 Clyti}
330 1235 389 1291 3}ss
401 1224 567 1290 'sufficimus
586 1226 648 1253 BD.
673 1241 703 1245 —
726 1197 752 1260 ἐ,
773 1223 790 1252 2
810 1226 936 1262 supplici
955 1226 994 1262 B;
1021 1226 1165 1262 supplicet
1183 1227 1225 1262 A3
1246 1229 1343 1254 mente
1361 1226 1434 1254 fehlt

166 1284 172 1290 .
198 1279 230 1283 -
250 1280 276 1298 υ,
366 1271 429 1291 arla
478 1283 485 1290 .

575 1401 641 1433 385.
679 1402 723 1433 De
742 1402 852 1432 sancta
871 1401 999 1433 Mariua.

674 1488 721 1517 Ad
741 1486 895 1525 Vesperas.

143 1574 173 1608 1.
198 1573 324 1606 Laudes
348 1573 493 1606 Marinae
517 1574 646 1613 virginis
817 1576 848 1607 4.
874 1574 928 1606 Nil
954 1583 1052 1615 aeque
1076 1574 1157 1606 hanc
1182 1576 1316 1607 evellere

200 1621 321 1661 Prome,
347 1624 448 1652 mater
471 1621 613 1660 eeclesia,
875 1622 980 1653 Possit
1003 1631 1021 1653 a
1045 1622 1105 1653 Dei
1130 1621 1205 1663 filio,

198 1668 294 1707 Cujus
319 1668 398 1699 odor
424 1667 599 1699 dulcedinis
872 1668 940 1699 Nec
965 1669 1121 1700 emollitur
1144 1678 1272 1700 munere

197 1715 271 1746 Tibi
297 1715 352 1746 dat
375 1722 457 1746 nova
481 1715 604 1754 gaudia.
873 1715 942 1746 Nec
966 1718 1102 1747 terretur
1126 1716 1291 1756 supplicio.

139 1802 170 1834 2.
196 1800 324 1832 Marina
347 1800 423 1831 totis
447 1799 568 1831 viribus
817 1802 847 1834 5.
872 1799 1062 1832 Demolienti
1086 1798 1198 1832 fallere

199 1849 308 1881 Jesum
330 1846 438 1887 puella
461 1847 612 1886 sequitur,
873 1847 957 1879 Dum
980 1857 1043 1880 non
1066 1848 1151 1879 cedit
1175 1848 1314 1889 Olybrio,

196 1895 266 1927 Nec
283 1895 406 1934 asperis
431 1902 490 1926 nec
513 1894 660 1926 mollibus
872 1894 972 1926 Passa
995 1895 1074 1927 vivit
1096 1895 1130 1927 in
1153 1895 1280 1928 aethere

194 1942 273 1982 Ejus
300 1952 318 1974 a
342 1941 406 1974 fide
427 1941 574 1975 trahitur.
876 1941 997 1982 Sponso
1024 1942 1189 1981 conjuncta
1212 1944 1352 1984 proprio.

140 2029 171 2062 3.
200 2028 296 2068 Virgo
320 2028 406 2059 mitis
433 2029 464 2058 et
487 2027 613 2058 humilis
817 2028 848 2060 6.
874 2027 943 2059 Rex
969 2028 1093 2061 Christe
1111 2029 1360 2071 clementissime,

196 2075 321 2108 Christo
345 2084 379 2107 se
403 2076 501 2106 totam
528 2074 662 2114 dedicat,
876 2074 1001 2107 Nostris
1027 2074 1131 2109 faveto
1155 2077 1294 2117 vocibus,

194 2123 308 2164 Corde,
333 2123 450 2164 lingua,
477 2122 636 2154 miraculis
873 2122 919 2155 Ut
943 2122 1071 2163 virginis
1095 2123 1255 2163 piissimae

194 2172 256 2203 Pro
282 2171 349 2210 ejus
374 2169 439 2203 fide
464 2169 603 2203 dimicat.
873 2169 938 2201 Piis
960 2170 1105 2209 juvemur
1128 2172 1285 2211 precibus.

210 2246 293 2273 BreV.
324 2253 375 2272 ms.
400 2243 575 2271 Zamorense
603 2252 677 2272 saec.
712 2242 754 2272 15.
785 2242 854 2270 cod.
883 2242 975 2279 Capit.
1004 2244 1150 2273 Zamoren.
1180 2254 1203 2273 s.
1232 2255 1260 2273 n.
1290 2262 1328 2266 —
1356 2246 1386 2282 1,
1413 2245 1431 2276 2

135 2283 258 2311 ecclesia
276 2282 349 2310 fehlt
367 2284 421 2311 Hs.
441 2296 480 2300 —
499 2279 531 2316 3,
558 2281 578 2310 4
596 2282 653 2310 Pro
674 2282 748 2310 fehlt
765 2281 819 2309 Hs.
844 2296 879 2300 —-
899 2282 960 2309 Der
978 2283 1071 2311 Name
1089 2284 1206 2311 Mal-ina
1224 2286 1264 2312 ist
1282 2286 1313 2312 in
1332 2286 1431 2314 diesen

135 2321 193 2349 und
220 2321 275 2349 den
301 2319 456 2357 folgenden
474 2321 612 2356 Hymnen
631 2322 686 2348 mit
703 2320 872 2348 Ausnahme
892 2319 941 2347 des
961 2320 1068 2349 letzten
1087 2321 1236 2350 derselben
1257 2325 1304 2350 ein
1323 2324 1431 2353 blosses

134 2359 332 2395 Synonymum
354 2360 401 2387 fiir
419 2358 594 2395 Margareta.
