1651 2518
765 115 1016 150 —186-

256 213 308 244 17.
336 211 464 243 Violare
486 220 548 243 non
572 211 676 250 potuit
923 210 978 242 21.
1003 209 1075 241 Non
1096 209 1204 251 solum,
1232 209 1283 247 qui
1301 210 1374 239 sunt
1389 206 1534 246 proxim-i,

335 258 444 297 Terra,
471 266 548 297 quae
572 259 713 289 sanctum
737 257 846 291 tenuit,
1005 255 1068 288 Sed
1092 256 1199 295 plures
1223 255 1315 295 longe
1338 254 1443 294 positi.

257 332 311 365 18.
337 331 400 364 Sub
427 340 463 363 ea
487 341 545 363 nec
570 331 758 370 computruit
924 331 977 362 22.
1003 331 1027 362 O
1053 332 1162 361 sancte
1185 331 1234 362 vir
1256 330 1389 372 Isidore,

338 379 447 418 Gleba,
481 387 561 418 quae
586 377 709 409 Christo
734 377 863 416 placuit.
1002 378 1063 409 Pro
1087 377 1177 408 nobis
1201 385 1310 408 manus
1336 377 1429 416 erige.

256 453 309 486 19.
337 453 400 485 Sed
424 453 546 492 integra
572 453 753 493 comparuit,
926 453 981 484 23.
1007 452 1053 483 Te
1076 452 1211 490 petimus
1235 460 1293 490 per
1312 451 1455 492 gratiam,

334 500 437 532 Odore
461 500 540 530 miro
566 499 689 529 claruit,
1006 497 1106 530 Nobis
1130 501 1166 529 ut
1191 501 1297 537 captes
1322 498 1454 530 veniam.

256 575 310 607 20.
337 574 460 605 Virtute
482 573 543 605 Dei
566 571 675 604 famuli
923 574 977 605 24.
1003 573 1049 605 Ut
1071 581 1220 611 praesens
1245 575 1317 612 post
1341 572 1481 604 exsilium

332 621 443 653 Plures
467 623 614 653 curantur
638 619 787 660 languidi.
1004 620 1121 651 Tecum
1146 621 1241 651 simus
1265 620 1299 651 in
1324 619 1481 659 gaudium.

327 685 396 712 Vita
415 692 466 711 ms.
489 683 517 711 S.
537 683 643 712 Isidori
661 687 735 711 auct.
749 683 769 711 J
771 683 883 712 ohanne
895 684 1025 712 Diacono
1046 691 1120 712 saec.
1136 682 1180 712 13.
1201 683 1268 711 Cod.
1284 683 1376 720 Capit.
1390 683 1537 710 Matriten.

252 730 275 748 s.
293 731 322 748 n.
345 737 380 740 ——
408 721 463 748 Str.
485 720 500 748 l
526 721 695 749 wiederholt
713 721 776 749 sich
795 722 838 749 als
858 721 1017 749 Ru-ndreim
1034 722 1110 750 nach
1126 722 1207 756 jeder
1226 721 1389 756 folgenden.
1409 735 1417 739 -
1429 735 1443 739 —
1472 718 1499 753 8,
1521 719 1536 747 1

255 758 422 794 Quodquod.

590 857 656 888 320.
695 859 737 890 De
757 860 862 889 sancto
883 857 1000 890 Isidoro
1020 857 1206 890 Matritensi.

804 934 935 972 Hymnus
955 934 981 963 6.

567 1010 619 1042 R0.
644 1011 729 1050 Ergo
754 1011 854 1042 sancti
878 1012 1057 1051 praesentia

642 1057 795 1089 Praesens
819 1059 937 1096 psallat
961 1058 1104 1092 ecclesia.

257 1131 288 1163 1.
313 1131 395 1163 Vota
416 1136 539 1170 promat
564 1132 677 1163 herilia
923 1135 954 1165 5.
981 1132 1152 1165 Comitatus
1182 1133 1222 1164 ab
1246 1133 1366 1172 angelis

312 1178 490 1210 Consistens
517 1178 592 1210 cleri
618 1179 734 1218 concio,
980 1179 1050 1211 Suis
1077 1182 1143 1210 erat
1168 1179 1326 1219 operibus,

310 1224 414 1264 Digna
437 1225 561 1257 solvens
586 1224 735 1264 obsequia
980 1225 1113 1257 Summis
1136 1226 1267 1265 placens
1293 1226 1452 1257 coelicolis

312 1270 428 1303 Sancto
456 1272 523 1303 viro
549 1271 681 1304 Isidoro.
979 1273 1017 1304 In
1041 1273 1134 1303 terris
1160 1275 1192 1303 et
1214 1273 1401 1304 hominibus.

256 1347 287 1377 2.
313 1346 371 1377 Vir
395 1348 519 1377 sanctus
544 1345 600 1378 sub
628 1346 763 1377 diluculo
923 1347 953 1378 6.
980 1346 1143 1378 Servatum
1167 1356 1186 1378 a
1210 1345 1420 1378 confratribus

311 1392 374 1423 Per
398 1394 513 1423 stratas
537 1400 671 1432 pergens
696 1392 809 1432 regias,
979 1393 1082 1425 Breve
1106 1393 1299 1432 pulmentum
1322 1393 1448 1425 vasculo

311 1439 405 1470 Nullo
429 1437 525 1470 fultus
550 1439 692 1471 vehiculo
979 1440 1044 1472 Sibi
1072 1440 1175 1478 egenis
1199 1440 1344 1480 pluribus

314 1485 426 1517 Omnes
455 1486 521 1517 adit
547 1485 704 1519 ecclesias.
982 1486 1235 1518 Praeabundavit
1258 1485 1386 1519 ferculo.

257 1561 286 1592 3.
311 1560 407 1591 Nullo
432 1558 550 1592 fractus
574 1560 753 1599 gravamine
926 1561 956 1593 ¹7.
982 1561 1177 1600 Temporalis
1201 1561 1340 1602 agricola

313 1607 433 1639 Reddit
456 1607 497 1638 ad
522 1607 716 1645 laboricium,
980 1607 1074 1639 Stetit
1097 1607 1231 1639 invictus
1256 1608 1368 1648 stadio,

313 1653 436 1685 Summo
462 1652 543 1684 freto
568 1653 718 1685 solamine
979 1654 1072 1686 Unde
1096 1652 1172 1685 felix
1199 1654 1348 1686 coelicola

312 1699 417 1732 Labor
443 1703 490 1731 est
513 1701 555 1732 ad
578 1700 733 1734 solatium.
981 1700 1073 1732 Nunc
1096 1704 1146 1731 est
1170 1701 1250 1733 coeli
1273 1701 1403 1740 palatio.

254 1775 284 1806 4.
313 1774 464 1807 Constans
488 1775 614 1806 virtutis
638 1775 739 1815 gratia
923 1777 955 1809 8.
981 1775 1089 1807 Terris
1118 1774 1219 1815 fulget
1241 1776 1419 1816 praesidiis,

312 1822 381 1853 Hoc
404 1822 551 1861 explebat
574 1822 723 1862 quotidie,
978 1822 1078 1854 Donis
1104 1822 1221 1854 ditatus
1245 1823 1366 1863 gratiae

311 1869 403 1901 Recti
426 1869 530 1900 cordis
553 1869 675 1900 laetitia
980 1869 1140 1901 Medelam
1168 1872 1311 1909 praestat
1330 1869 1490 1910 languidis

313 1915 407 1947 Pellit
430 1924 507 1947 onus
531 1915 691 1949 tristitiae.
980 1916 1160 1955 Terrigenis
1182 1917 1364 1955 Hispaniae.

586 1973 616 2003 9.
644 1972 806 2012 Completa
826 1973 952 2011 jamque
977 1972 1115 2003 cernitur

643 2018 815 2051 Salvatoris
840 2019 1004 2058 sententia,

646 2065 708 2097 Sua
732 2074 811 2106 quae
834 2066 900 2097 lata
922 2065 1061 2096 noscitur

646 2112 752 2145 Servis
777 2112 868 2144 bonis
891 2112 1041 2152 potentia.

327 2176 348 2203 V
355 2177 398 2203 ita
416 2185 467 2204 ms.
488 2176 517 2204 S.
530 2176 637 2204 Isidori
658 2179 731 2204 auct.
747 2176 880 2204 Johanne
890 2177 1021 2204 Diacono
1043 2184 1116 2203 saec.
1132 2174 1177 2204 13.
1197 2176 1265 2204 Cod.
1284 2177 1377 2213 Capit.
1391 2178 1538 2206 Matriten.

255 2221 277 2239 S·
297 2221 324 2239 n·
345 2228 381 2232 —
407 2212 438 2246 3,
465 2211 482 2241 3
509 2214 607 2242 fretus.
648 2233 663 2236 -
685 2213 714 2249 6,
740 2212 757 2242 2
783 2215 969 2248 plumentum.
990 2228 1021 2233 —
1049 2214 1083 2241 P.
1104 2214 1188 2241 Fidel
1205 2215 1273 2242 Fi'ta
1292 2214 1321 2242 S.
1341 2215 1379 2249 J.⁷
1398 2215 1538 2244 Estudios

254 2250 416 2279 Historicos
435 2251 598 2286 V(Madrid
621 2249 701 2286 1886)
723 2250 774 2280 197
795 2253 854 2279 und
874 2249 928 2279 251
949 2259 991 2286 sq.
1012 2252 1096 2278 sucht
1114 2251 1213 2279 diesen
1233 2255 1315 2279 sonst
1332 2253 1539 2282 unbekannten

254 2287 402 2316 Johaunes
427 2289 575 2316 Diaeonus
600 2298 637 2316 zu
660 2288 869 2317 identificieren
896 2290 949 2316 mit
974 2289 1037 2316 dem
1063 2288 1274 2317 Franciskaner
1293 2291 1370 2326 Fray
1393 2291 1472 2319 Juan
1491 2292 1538 2319 Gil

254 2323 411 2355 (Johannes
424 2325 535 2362 Egidii)
550 2327 585 2354 de
598 2327 727 2355 Zamora.
760 2327 836 2354 Zwei
851 2326 967 2355 Griinde
981 2327 1118 2354 erlauben
1132 2328 1186 2354 mir
1199 2327 1280 2354 nicht
1292 2328 1386 2356 dieser
1399 2329 1539 2366 Meinung

255 2370 291 2389 zu
304 2364 380 2390 sein:
400 2364 450 2390 dei·
464 2365 536 2397 eine,
553 2364 620 2391 weil
633 2364 679 2392 die
694 2365 894 2401 Bezeiclmung
908 2363 926 2391 J
928 2364 1055 2391 ohannes
1069 2364 1216 2392 Dian-onus·
1229 2366 1313 2393 nicht
1324 2368 1410 2395 einen
1423 2368 1539 2401 Menon,
