1651 2518
512 216 565 248 15.

511 497 565 530 16.

515 777 568 809 1¹7.

511 1056 563 1089 18.

511 1335 562 1367 19.

512 1617 565 1648 20.

512 1896 565 1928 21.

511 2179 564 2211 22.

759 120 1013 155 —238—

590 215 655 248 Dat
678 215 825 255 gregibus
851 215 1035 247 documenta
1056 223 1146 248 saera

592 262 699 302 Atque
723 262 781 293 Dei
806 262 997 293 monimenta.
1019 262 1073 302 pia¹

588 311 755 350 Aegraque
780 317 912 348 corpora
931 308 1086 341 salvificat

591 356 776 395 Functaque
800 358 921 387 somata
944 355 1081 388 vivificat

589 403 694 442 Atque
718 411 824 435 amans
849 402 901 442 pie
925 401 1081 442 purificat.

592 496 714 528 „Ianitor
739 496 876 528 aetheris
900 499 932 527 et
955 496 1072 536 superi,

589 544 712 582 Petrus,
738 544 821 575 ovile
843 551 953 583 regens
978 542 1113 584 Domini,

590 590 713 622 Pellere
738 589 869 621 erimina
893 592 1004 621 cuneta
1028 591 1138 629 potens

589 636 742 675 Celsaque
766 636 880 676 gaudia
902 636 1081 676 restituens,

590 683 635 715 Ut
656 683 741 723 velit,
768 683 871 715 omnia
894 691 1018 722 semper
1041 690 1146 722 agens.

594 777 687 808 Retia
707 776 844 815 liquerat
868 779 899 807 et
921 776 1066 816 pelagum

592 822 721 855 Culmen
745 823 878 861 adeptus
903 823 1117 864 apostolieum,

590 869 791 910 Conspioiens
815 869 883 900 sine
905 869 967 901 fine
991 869 1102 910 Deum,

593 916 687 955 Cujus
711 919 841 948 ovanter
864 916 906 948 ad
930 916 1094 955 imperium

592 963 734 1002 Protegit
758 971 849 994 omne
872 971 968 1003 genus
992 962 1158 995 hominum.

592 1056 633 1087 Hi
658 1055 749 1087 simul
775 1064 848 1094 ergo
875 1056 934 1088 duo
955 1063 1100 1094 proceres

590 1100 752 1134 Salvificos
777 1103 949 1134 recreando
974 1111 1083 1142 greges

586 1148 743 1188 Μαι-131110
767 1148 891 1181 subiere
914 1149 1032 1189 polum,

591 1195 673 1233 Quos
698 1195 782 1228 Nero
805 1196 904 1227 traxit
926 1196 968 1228 ad
992 1196 1161 1236 interitum,

588 1242 756 1274 Daemonis
781 1251 862 1281 esea,
886 1245 978 1282 pater
998 1244 1160 1275 scelerum.

590 1335 702 1366 Petrus
726 1335 807 1366 enim
830 1335 990 1367 subeundo
1016 1343 1137 1367 crucem

588 1382 703 1414 Paulus
729 1384 760 1412 et
785 1390 858 1413 ense
882 1380 1012 1413 ferendo
1037 1390 1153 1423 necem,

591 1428 645 1460 Sic
668 1427 761 1459 simul
785 1430 889 1460 astrea
911 1437 1008 1467 regna
1029 1430 1150 1469 petunt,

592 1475 717 1507 Coelica
740 1475 882 1514 praemia
905 1484 1030 1514 semper
1056 1475 1170 1507 habent

589 1522 694 1561 Atque
718 1521 818 1553 Deum
842 1522 909 1553 sine
932 1520 995 1554 fine
1019 1523 1135 1554 vident.

592 1616 616 1647 O
641 1615 722 1647 bone
745 1618 864 1655 pastor,
887 1615 996 1647 adesto
1020 1616 1093 1655 mis,

591 1662 684 1694 Petre
709 1661 808 1704 beate,
835 1660 944 1694 favens
967 1660 1092 1694 famulis

590 1708 686 1741 Ferto
708 1708 868 1748 juvamina
891 1709 985 1748 plena
1009 1708 1108 1751 bonis,

589 1755 639 1787 Da
664 1756 783 1787 veniam
808 1756 959 1788 scelerum
983 1756 1115 1796 1111εο110,

589 1803 618 1833 Α
643 1802 738 1836 variis
762 1803 899 1834 liberare
922 1803 1022 1834 maiis.

593 1896 724 1936 Suscipe
750 1895 887 1927 carmina
910 1897 1018 1927 nostra
1040 1896 1152 1938 libens,

598 1942 732 1982 Respice
754 1952 812 1974 nos
836 1942 907 1981 pius
932 1945 1025 1981 atque
1048 1944 1170 1985 potens,

593 1990 637 2022 Ut
660 1989 825 2029 paradisus
850 1989 882 2020 in
907 1990 994 2021 astra
1016 1989 1122 2021 virens

590 2036 656 2068 Nos
682 2036 787 2075 capiat
810 2035 871 2067 sibi
894 2044 1018 2074 semper
1042 2035 1173 2074 habens,

590 2084 658 2123 Quo
682 2085 789 2114 manet
811 2085 920 2115 auctor
945 2084 974 2113 et
1000 2083 1205 2121 omnipotens.

590 2177 679 2209 Haeo
703 2185 824 2217 quoque
848 2177 961 2216 poeula
984 2185 1083 2208 1100110
1107 2176 1192 2208 cibos

591 2222 760 2256 sanctifica
784 2224 956 2256 recreando
981 2225 1061 2265 tuos,

591 2271 739 2311 Corpora,
766 2279 960 2311 quaesumus,
984 2269 1036 2301 1110
1057 2269 1164 2302 foveas

592 2318 803 2358 Purificesque
826 2320 937 2357 potens
962 2317 1091 2355 animas,

594 2364 659 2397 Nos
685 2374 806 2405 quoque
829 2367 960 2404 perpete
983 2363 1156 2403 possideas.
