<?xml version="1.0" encoding="UTF-8"?>
<!DOCTYPE html PUBLIC "-//W3C//DTD XHTML 1.0 Transitional//EN"
    "http://www.w3.org/TR/xhtml1/DTD/xhtml1-transitional.dtd">
<html xmlns="http://www.w3.org/1999/xhtml" xml:lang="en" lang="en">
 <head>
  <title>
</title>
<meta http-equiv="Content-Type" content="text/html;charset=utf-8" />
  <meta name='ocr-system' content='tesseract 3.04.00' />
  <meta name='ocr-capabilities' content='ocr_page ocr_carea ocr_par ocr_line ocrx_word'/>
</head>
<body>
  <div class='ocr_page' id='page_1' title='image "./analectahymnica16drevuoft_00168.png"; bbox 0 0 1651 2518; ppageno 0'>
   <div class='ocr_carea' id='block_1_1' title="bbox 709 109 963 145">
    <p class='ocr_par' dir='ltr' id='par_1_1' title="bbox 709 109 963 145">
     <span class='ocr_line' id='line_1_1' title="bbox 709 109 963 145; baseline 0 0"><span class='ocrx_word' id='word_1_1' title='bbox 709 109 963 145; x_wconf 76' lang='lat'>—165—</span> 
     </span>
    </p>
   </div>
   <div class='ocr_carea' id='block_1_2' title="bbox 586 205 1071 388">
    <p class='ocr_par' dir='ltr' id='par_1_2' title="bbox 586 205 1071 388">
     <span class='ocr_line' id='line_1_2' title="bbox 586 205 1051 246; baseline 0.002 -9"><span class='ocrx_word' id='word_1_2' title='bbox 586 206 615 239; x_wconf 84' lang='lat'><strong>7.</strong></span> <span class='ocrx_word' id='word_1_3' title='bbox 642 205 691 238; x_wconf 83' lang='lat' dir='ltr'><strong>Sit</strong></span> <span class='ocrx_word' id='word_1_4' title='bbox 713 207 781 238; x_wconf 90' lang='lat' dir='ltr'><strong>laus</strong></span> <span class='ocrx_word' id='word_1_5' title='bbox 805 206 890 246; x_wconf 85' lang='lat' dir='ltr'><strong>patri</strong></span> <span class='ocrx_word' id='word_1_6' title='bbox 913 205 1051 246; x_wconf 86' lang='lat' dir='ltr'><strong>ingenito</strong></span> 
     </span>
     <span class='ocr_line' id='line_1_3' title="bbox 644 253 1029 295; baseline -0.003 -10"><span class='ocrx_word' id='word_1_7' title='bbox 644 253 688 285; x_wconf 75' lang='lat' dir='ltr'><strong>Et</strong></span> <span class='ocrx_word' id='word_1_8' title='bbox 711 255 845 293; x_wconf 84' lang='lat' dir='ltr'><strong>natoque</strong></span> <span class='ocrx_word' id='word_1_9' title='bbox 866 254 1029 295; x_wconf 82' lang='lat' dir='ltr'>paraclito,</span> 
     </span>
     <span class='ocr_line' id='line_1_4' title="bbox 640 300 1049 340; baseline -0.002 -8"><span class='ocrx_word' id='word_1_10' title='bbox 640 301 746 340; x_wconf 83' lang='lat' dir='ltr'><strong>Atque</strong></span> <span class='ocrx_word' id='word_1_11' title='bbox 769 300 880 333; x_wconf 84' lang='lat' dir='ltr'><strong>Jacobi</strong></span> <span class='ocrx_word' id='word_1_12' title='bbox 904 300 1049 340; x_wconf 86' lang='lat' dir='ltr'><strong>precibus</strong></span> 
     </span>
     <span class='ocr_line' id='line_1_5' title="bbox 646 347 1071 388; baseline 0.007 -10"><span class='ocrx_word' id='word_1_13' title='bbox 646 347 732 379; x_wconf 86' lang='lat' dir='ltr'>Coeli</span> <span class='ocrx_word' id='word_1_14' title='bbox 752 347 919 388; x_wconf 82' lang='lat' dir='ltr'><strong>jungamur</strong></span> <span class='ocrx_word' id='word_1_15' title='bbox 944 347 1071 381; x_wconf 79' lang='lat' dir='ltr'><strong>civibus,</strong></span> 
     </span>
    </p>
   </div>
   <div class='ocr_carea' id='block_1_3' title="bbox 262 409 1388 447">
    <p class='ocr_par' dir='ltr' id='par_1_3' title="bbox 262 409 1388 447">
     <span class='ocr_line' id='line_1_6' title="bbox 262 409 1388 447; baseline 0.001 -11"><span class='ocrx_word' id='word_1_16' title='bbox 262 409 354 437; x_wconf 78' lang='lat' dir='ltr'><strong>Psalt.</strong></span> <span class='ocrx_word' id='word_1_17' title='bbox 373 409 573 438; x_wconf 74' lang='lat' dir='ltr'><strong>Panantinum</strong></span> <span class='ocrx_word' id='word_1_18' title='bbox 594 411 661 447; x_wconf 86' lang='lat' dir='ltr'><strong>imp.</strong></span> <span class='ocrx_word' id='word_1_19' title='bbox 679 412 819 439; x_wconf 75' lang='lat' dir='ltr'><strong>Lucronji</strong></span> <span class='ocrx_word' id='word_1_20' title='bbox 841 409 921 439; x_wconf 77' lang='lat'>1512.</span> <span class='ocrx_word' id='word_1_21' title='bbox 960 411 1044 440; x_wconf 61' lang='lat' dir='ltr'>Mei:</span> <span class='ocrx_word' id='word_1_22' title='bbox 1063 413 1099 440; x_wconf 82' lang='lat'><strong>111</strong></span> <span class='ocrx_word' id='word_1_23' title='bbox 1119 411 1236 440; x_wconf 87' lang='lat' dir='ltr'>coelesti</span> <span class='ocrx_word' id='word_1_24' title='bbox 1257 411 1388 447; x_wconf 81' lang='lat' dir='ltr'>collegio.</span> 
     </span>
    </p>
   </div>
   <div class='ocr_carea' id='block_1_4' title="bbox 637 500 1045 598">
    <p class='ocr_par' dir='ltr' id='par_1_4' title="bbox 637 500 1045 598">
     <span class='ocr_line' id='line_1_7' title="bbox 637 500 1045 533; baseline 0.002 -2"><span class='ocrx_word' id='word_1_25' title='bbox 637 500 696 533; x_wconf 89' lang='lat'>281.</span> <span class='ocrx_word' id='word_1_26' title='bbox 735 502 778 533; x_wconf 83' lang='lat' dir='ltr'>De</span> <span class='ocrx_word' id='word_1_27' title='bbox 797 502 902 533; x_wconf 82' lang='lat' dir='ltr'><strong>saneto</strong></span> <span class='ocrx_word' id='word_1_28' title='bbox 923 501 1045 533; x_wconf 79' lang='lat' dir='ltr'><strong>Jacobo.</strong></span> 
     </span>
     <span class='ocr_line' id='line_1_8' title="bbox 710 567 964 598; baseline -0.004 -1"><span class='ocrx_word' id='word_1_29' title='bbox 710 568 757 597; x_wconf 81' lang='lat' dir='ltr'><strong>Atl</strong></span> <span class='ocrx_word' id='word_1_30' title='bbox 775 567 964 598; x_wconf 73' lang='lat' dir='ltr'>Nocturnum.</span> 
     </span>
    </p>
   </div>
   <div class='ocr_carea' id='block_1_5' title="bbox 183 635 1478 1366">
    <p class='ocr_par' dir='ltr' id='par_1_5' title="bbox 192 635 1396 726">
     <span class='ocr_line' id='line_1_9' title="bbox 192 635 1396 677; baseline 0.002 -10"><span class='ocrx_word' id='word_1_31' title='bbox 192 635 222 667; x_wconf 89' lang='lat'><strong>1.</strong></span> <span class='ocrx_word' id='word_1_32' title='bbox 249 635 344 668; x_wconf 86' lang='lat' dir='ltr'><strong>Miles</strong></span> <span class='ocrx_word' id='word_1_33' title='bbox 370 635 487 668; x_wconf 77' lang='lat' dir='ltr'>Christi</span> <span class='ocrx_word' id='word_1_34' title='bbox 509 636 661 676; x_wconf 79' lang='lat' dir='ltr'><strong>piissime,</strong></span> <span class='ocrx_word' id='word_1_35' title='bbox 864 638 896 669; x_wconf 82' lang='lat'><strong>4.</strong></span> <span class='ocrx_word' id='word_1_36' title='bbox 923 636 1061 669; x_wconf 75' lang='lat' dir='ltr'><strong>Grandis</strong></span> <span class='ocrx_word' id='word_1_37' title='bbox 1085 640 1240 677; x_wconf 75' lang='lat' dir='ltr'><strong>pugnator</strong></span> <span class='ocrx_word' id='word_1_38' title='bbox 1263 638 1396 670; x_wconf 83' lang='lat' dir='ltr'><strong>bellicus</strong></span> 
     </span>
     <span class='ocr_line' id='line_1_10' title="bbox 249 683 1310 726; baseline 0 -10"><span class='ocrx_word' id='word_1_39' title='bbox 249 683 368 716; x_wconf 82' lang='lat' dir='ltr'>Jacobe</span> <span class='ocrx_word' id='word_1_40' title='bbox 391 683 605 725; x_wconf 84' lang='lat' dir='ltr'><strong>invictissime,</strong></span> <span class='ocrx_word' id='word_1_41' title='bbox 922 684 967 716; x_wconf 86' lang='lat' dir='ltr'><strong>Et</strong></span> <span class='ocrx_word' id='word_1_42' title='bbox 990 685 1084 717; x_wconf 85' lang='lat' dir='ltr'>decor</span> <span class='ocrx_word' id='word_1_43' title='bbox 1108 685 1310 726; x_wconf 82' lang='lat' dir='ltr'><strong>apostolicus,</strong></span> 
     </span>
    </p>

    <p class='ocr_par' dir='ltr' id='par_1_6' title="bbox 247 728 1331 811">
     <span class='ocr_line' id='line_1_11' title="bbox 247 728 1218 769; baseline 0.001 -8"><span class='ocrx_word' id='word_1_44' title='bbox 247 728 319 761; x_wconf 77' lang='lat' dir='ltr'><strong>Lux</strong></span> <span class='ocrx_word' id='word_1_45' title='bbox 342 729 517 769; x_wconf 74' lang='lat' dir='ltr'><strong>Hispaniae</strong></span> <span class='ocrx_word' id='word_1_46' title='bbox 539 730 690 769; x_wconf 84' lang='lat' dir='ltr'><strong>nosceris,</strong></span> <span class='ocrx_word' id='word_1_47' title='bbox 924 731 1001 763; x_wconf 84' lang='lat' dir='ltr'><strong>Tuis</strong></span> <span class='ocrx_word' id='word_1_48' title='bbox 1026 731 1218 763; x_wconf 81' lang='lat' dir='ltr'><strong>orationibus</strong></span> 
     </span>
     <span class='ocr_line' id='line_1_12' title="bbox 247 775 1331 811; baseline 0.002 -3"><span class='ocrx_word' id='word_1_49' title='bbox 247 775 401 808; x_wconf 85' lang='lat' dir='ltr'>Succurre</span> <span class='ocrx_word' id='word_1_50' title='bbox 424 777 515 809; x_wconf 86' lang='lat' dir='ltr'><strong>nobis</strong></span> <span class='ocrx_word' id='word_1_51' title='bbox 538 777 670 809; x_wconf 82' lang='lat' dir='ltr'><strong>miseris,</strong></span> <span class='ocrx_word' id='word_1_52' title='bbox 921 777 987 810; x_wconf 84' lang='lat' dir='ltr'><strong>Nos</strong></span> <span class='ocrx_word' id='word_1_53' title='bbox 1012 778 1142 810; x_wconf 89' lang='lat' dir='ltr'><strong>subleva</strong></span> <span class='ocrx_word' id='word_1_54' title='bbox 1165 778 1331 811; x_wconf 85' lang='lat' dir='ltr'><strong>sideribus.</strong></span> 
     </span>
    </p>

    <p class='ocr_par' dir='ltr' id='par_1_7' title="bbox 190 831 1370 1015">
     <span class='ocr_line' id='line_1_13' title="bbox 190 831 1359 877; baseline 0.003 -14"><span class='ocrx_word' id='word_1_55' title='bbox 190 832 221 863; x_wconf 85' lang='lat'><strong>2.</strong></span> <span class='ocrx_word' id='word_1_56' title='bbox 243 831 321 864; x_wconf 86' lang='lat' dir='ltr'><strong>Esto</strong></span> <span class='ocrx_word' id='word_1_57' title='bbox 346 832 416 872; x_wconf 88' lang='lat' dir='ltr'><strong>pius</strong></span> <span class='ocrx_word' id='word_1_58' title='bbox 444 833 612 873; x_wconf 83' lang='lat' dir='ltr'><strong>exsulibus,</strong></span> <span class='ocrx_word' id='word_1_59' title='bbox 865 835 895 866; x_wconf 89' lang='lat'><strong>5.</strong></span> <span class='ocrx_word' id='word_1_60' title='bbox 921 834 1042 866; x_wconf 83' lang='lat' dir='ltr'>Adesto</span> <span class='ocrx_word' id='word_1_61' title='bbox 1066 835 1182 866; x_wconf 84' lang='lat' dir='ltr'><strong>nostris</strong></span> <span class='ocrx_word' id='word_1_62' title='bbox 1203 834 1359 877; x_wconf 83' lang='lat' dir='ltr'><strong>precibus,</strong></span> 
     </span>
     <span class='ocr_line' id='line_1_14' title="bbox 247 878 1349 925; baseline 0.003 -15"><span class='ocrx_word' id='word_1_63' title='bbox 247 878 347 911; x_wconf 86' lang='lat' dir='ltr'><strong>Nobis</strong></span> <span class='ocrx_word' id='word_1_64' title='bbox 371 880 412 911; x_wconf 85' lang='lat' dir='ltr'><strong>ad</strong></span> <span class='ocrx_word' id='word_1_65' title='bbox 437 882 469 910; x_wconf 88' lang='lat' dir='ltr'>te</span> <span class='ocrx_word' id='word_1_66' title='bbox 490 879 695 912; x_wconf 82' lang='lat' dir='ltr'><strong>clamantibus</strong></span> <span class='ocrx_word' id='word_1_67' title='bbox 921 880 979 919; x_wconf 80' lang='lat' dir='ltr'><strong>Qui</strong></span> <span class='ocrx_word' id='word_1_68' title='bbox 1004 889 1144 912; x_wconf 83' lang='lat' dir='ltr'><strong>caremus</strong></span> <span class='ocrx_word' id='word_1_69' title='bbox 1170 880 1349 925; x_wconf 72' lang='lat' dir='ltr'><strong>virtutibus,</strong></span> 
     </span>
     <span class='ocr_line' id='line_1_15' title="bbox 246 924 1370 967; baseline 0.003 -10"><span class='ocrx_word' id='word_1_70' title='bbox 246 924 349 957; x_wconf 84' lang='lat' dir='ltr'>Nocte</span> <span class='ocrx_word' id='word_1_71' title='bbox 372 929 466 966; x_wconf 84' lang='lat' dir='ltr'>atque</span> <span class='ocrx_word' id='word_1_72' title='bbox 492 926 639 966; x_wconf 85' lang='lat' dir='ltr'><strong>diluculo,</strong></span> <span class='ocrx_word' id='word_1_73' title='bbox 922 926 1066 967; x_wconf 87' lang='lat' dir='ltr'>Offerque</span> <span class='ocrx_word' id='word_1_74' title='bbox 1088 936 1206 960; x_wconf 84' lang='lat' dir='ltr'><strong>summo</strong></span> <span class='ocrx_word' id='word_1_75' title='bbox 1230 929 1370 967; x_wconf 82' lang='lat' dir='ltr'><strong>praesidi</strong></span> 
     </span>
     <span class='ocr_line' id='line_1_16' title="bbox 246 972 1337 1015; baseline 0.002 -10"><span class='ocrx_word' id='word_1_76' title='bbox 246 972 326 1005; x_wconf 80' lang='lat' dir='ltr'><strong>Viae</strong></span> <span class='ocrx_word' id='word_1_77' title='bbox 349 973 460 1004; x_wconf 83' lang='lat' dir='ltr'><strong>mortis</strong></span> <span class='ocrx_word' id='word_1_78' title='bbox 485 973 636 1013; x_wconf 83' lang='lat' dir='ltr'>periculo.</span> <span class='ocrx_word' id='word_1_79' title='bbox 920 974 1059 1006; x_wconf 83' lang='lat' dir='ltr'><strong>Devotas</strong></span> <span class='ocrx_word' id='word_1_80' title='bbox 1083 975 1194 1007; x_wconf 77' lang='lat' dir='ltr'><strong>laudes</strong></span> <span class='ocrx_word' id='word_1_81' title='bbox 1217 975 1337 1015; x_wconf 83' lang='lat' dir='ltr'><strong>populi.</strong></span> 
     </span>
    </p>

    <p class='ocr_par' dir='ltr' id='par_1_8' title="bbox 190 1029 1469 1210">
     <span class='ocr_line' id='line_1_17' title="bbox 190 1029 1360 1071; baseline 0.002 -11"><span class='ocrx_word' id='word_1_82' title='bbox 190 1029 220 1060; x_wconf 88' lang='lat'><strong>3.</strong></span> <span class='ocrx_word' id='word_1_83' title='bbox 246 1029 422 1061; x_wconf 83' lang='lat' dir='ltr'><strong>Laureatus</strong></span> <span class='ocrx_word' id='word_1_84' title='bbox 447 1030 599 1068; x_wconf 82' lang='lat' dir='ltr'><strong>martyrio</strong></span> <span class='ocrx_word' id='word_1_85' title='bbox 863 1031 890 1062; x_wconf 89' lang='lat'><strong>6.</strong></span> <span class='ocrx_word' id='word_1_86' title='bbox 922 1030 1039 1070; x_wconf 83' lang='lat' dir='ltr'>Regem</span> <span class='ocrx_word' id='word_1_87' title='bbox 1063 1039 1171 1070; x_wconf 85' lang='lat' dir='ltr'>regum</span> <span class='ocrx_word' id='word_1_88' title='bbox 1196 1032 1360 1071; x_wconf 84' lang='lat' dir='ltr'>expostula</span> 
     </span>
     <span class='ocr_line' id='line_1_18' title="bbox 245 1075 1335 1118; baseline 0.003 -12"><span class='ocrx_word' id='word_1_89' title='bbox 245 1075 290 1107; x_wconf 86' lang='lat' dir='ltr'><strong>Es</strong></span> <span class='ocrx_word' id='word_1_90' title='bbox 315 1075 434 1115; x_wconf 87' lang='lat' dir='ltr'><strong>primus</strong></span> <span class='ocrx_word' id='word_1_91' title='bbox 459 1076 493 1107; x_wconf 89' lang='lat' dir='ltr'><strong>in</strong></span> <span class='ocrx_word' id='word_1_92' title='bbox 518 1078 673 1110; x_wconf 86' lang='lat' dir='ltr'><strong>consortio</strong></span> <span class='ocrx_word' id='word_1_93' title='bbox 921 1077 1072 1117; x_wconf 84' lang='lat' dir='ltr'><strong>Rogando</strong></span> <span class='ocrx_word' id='word_1_94' title='bbox 1095 1085 1192 1117; x_wconf 85' lang='lat' dir='ltr'>prece</span> <span class='ocrx_word' id='word_1_95' title='bbox 1215 1077 1335 1118; x_wconf 81' lang='lat' dir='ltr'><strong>sedula,</strong></span> 
     </span>
     <span class='ocr_line' id='line_1_19' title="bbox 244 1123 1469 1165; baseline 0.003 -12"><span class='ocrx_word' id='word_1_96' title='bbox 244 1123 470 1164; x_wconf 80' lang='lat' dir='ltr'>Apostolorum</span> <span class='ocrx_word' id='word_1_97' title='bbox 496 1123 642 1163; x_wconf 82' lang='lat' dir='ltr'><strong>omnium,</strong></span> <span class='ocrx_word' id='word_1_98' title='bbox 921 1123 1009 1162; x_wconf 80' lang='lat' dir='ltr'><strong>Quod</strong></span> <span class='ocrx_word' id='word_1_99' title='bbox 1033 1133 1090 1156; x_wconf 90' lang='lat' dir='ltr'><strong>nos</strong></span> <span class='ocrx_word' id='word_1_100' title='bbox 1116 1125 1157 1156; x_wconf 90' lang='lat' dir='ltr'><strong>ad</strong></span> <span class='ocrx_word' id='word_1_101' title='bbox 1181 1124 1283 1156; x_wconf 88' lang='lat' dir='ltr'>locum</span> <span class='ocrx_word' id='word_1_102' title='bbox 1307 1124 1469 1165; x_wconf 85' lang='lat' dir='ltr'><strong>subvehat,</strong></span> 
     </span>
     <span class='ocr_line' id='line_1_20' title="bbox 241 1169 1362 1210; baseline 0.002 -10"><span class='ocrx_word' id='word_1_103' title='bbox 241 1169 290 1200; x_wconf 84' lang='lat' dir='ltr'><strong>Tu</strong></span> <span class='ocrx_word' id='word_1_104' title='bbox 314 1169 357 1201; x_wconf 86' lang='lat' dir='ltr'><strong>sis</strong></span> <span class='ocrx_word' id='word_1_105' title='bbox 382 1169 473 1201; x_wconf 88' lang='lat' dir='ltr'><strong>nobis</strong></span> <span class='ocrx_word' id='word_1_106' title='bbox 496 1170 699 1209; x_wconf 82' lang='lat' dir='ltr'><strong>praesidium.</strong></span> <span class='ocrx_word' id='word_1_107' title='bbox 920 1171 958 1204; x_wconf 87' lang='lat' dir='ltr'><strong>In</strong></span> <span class='ocrx_word' id='word_1_108' title='bbox 984 1179 1043 1210; x_wconf 83' lang='lat' dir='ltr'><strong>quo</strong></span> <span class='ocrx_word' id='word_1_109' title='bbox 1068 1172 1121 1202; x_wconf 81' lang='lat' dir='ltr'><strong>lux</strong></span> <span class='ocrx_word' id='word_1_110' title='bbox 1146 1171 1225 1203; x_wconf 88' lang='lat' dir='ltr'><strong>lucis</strong></span> <span class='ocrx_word' id='word_1_111' title='bbox 1250 1172 1362 1204; x_wconf 85' lang='lat' dir='ltr'>luceat.</span> 
     </span>
    </p>

    <p class='ocr_par' dir='ltr' id='par_1_9' title="bbox 255 1226 1478 1329">
     <span class='ocr_line' id='line_1_21' title="bbox 581 1226 1057 1267; baseline 0 -8"><span class='ocrx_word' id='word_1_112' title='bbox 581 1229 612 1259; x_wconf 79' lang='lat'><strong>7.</strong></span> <span class='ocrx_word' id='word_1_113' title='bbox 638 1226 688 1259; x_wconf 84' lang='lat' dir='ltr'><strong>Sit</strong></span> <span class='ocrx_word' id='word_1_114' title='bbox 708 1227 777 1259; x_wconf 83' lang='lat' dir='ltr'><strong>laus</strong></span> <span class='ocrx_word' id='word_1_115' title='bbox 800 1227 886 1267; x_wconf 85' lang='lat' dir='ltr'><strong>patri</strong></span> <span class='ocrx_word' id='word_1_116' title='bbox 908 1228 1057 1266; x_wconf 82' lang='lat' dir='ltr'><strong>ingenito.</strong></span> 
     </span>
     <span class='ocr_line' id='line_1_22' title="bbox 255 1289 1478 1329; baseline 0.002 -12"><span class='ocrx_word' id='word_1_117' title='bbox 255 1290 343 1317; x_wconf 82' lang='lat' dir='ltr'><strong>Psalt.</strong></span> <span class='ocrx_word' id='word_1_118' title='bbox 360 1290 558 1319; x_wconf 79' lang='lat' dir='ltr'><strong>Pallantinum</strong></span> <span class='ocrx_word' id='word_1_119' title='bbox 578 1293 646 1328; x_wconf 85' lang='lat' dir='ltr'><strong>imp.</strong></span> <span class='ocrx_word' id='word_1_120' title='bbox 666 1292 804 1320; x_wconf 80' lang='lat' dir='ltr'><strong>Luci-onii</strong></span> <span class='ocrx_word' id='word_1_121' title='bbox 826 1289 906 1320; x_wconf 74' lang='lat'>1512.</span> <span class='ocrx_word' id='word_1_122' title='bbox 926 1308 960 1312; x_wconf 89' lang='lat'>—</span> <span class='ocrx_word' id='word_1_123' title='bbox 982 1291 1009 1326; x_wconf 86' lang='lat'><strong>4,</strong></span> <span class='ocrx_word' id='word_1_124' title='bbox 1030 1290 1047 1318; x_wconf 82' lang='lat'>2</span> <span class='ocrx_word' id='word_1_125' title='bbox 1069 1292 1108 1319; x_wconf 73' lang='lat' dir='ltr'><strong>Et</strong></span> <span class='ocrx_word' id='word_1_126' title='bbox 1126 1293 1212 1320; x_wconf 83' lang='lat' dir='ltr'><strong>decus</strong></span> <span class='ocrx_word' id='word_1_127' title='bbox 1235 1294 1420 1329; x_wconf 82' lang='lat' dir='ltr'><strong>apostolicus.</strong></span> <span class='ocrx_word' id='word_1_128' title='bbox 1440 1308 1478 1312; x_wconf 89' lang='lat'><strong>—</strong></span> 
     </span>
    </p>

    <p class='ocr_par' dir='ltr' id='par_1_10' title="bbox 183 1325 1427 1366">
     <span class='ocr_line' id='line_1_23' title="bbox 183 1325 1427 1366; baseline 0.004 -13"><span class='ocrx_word' id='word_1_129' title='bbox 183 1325 207 1361; x_wconf 79' lang='lat'><strong>6,</strong></span> <span class='ocrx_word' id='word_1_130' title='bbox 233 1326 247 1354; x_wconf 91' lang='lat'>1</span> <span class='ocrx_word' id='word_1_131' title='bbox 269 1336 367 1364; x_wconf 82' lang='lat' dir='ltr'>regum</span> <span class='ocrx_word' id='word_1_132' title='bbox 388 1330 513 1364; x_wconf 81' lang='lat' dir='ltr'><strong>postula.</strong></span> <span class='ocrx_word' id='word_1_133' title='bbox 534 1344 570 1348; x_wconf 89' lang='lat'><strong>—</strong></span> <span class='ocrx_word' id='word_1_134' title='bbox 589 1330 672 1357; x_wconf 86' lang='lat' dir='ltr'>Mel.:</span> <span class='ocrx_word' id='word_1_135' title='bbox 692 1330 729 1357; x_wconf 89' lang='lat' dir='ltr'><strong>In</strong></span> <span class='ocrx_word' id='word_1_136' title='bbox 748 1330 866 1358; x_wconf 87' lang='lat' dir='ltr'>coelesti</span> <span class='ocrx_word' id='word_1_137' title='bbox 887 1330 1008 1366; x_wconf 84' lang='lat' dir='ltr'>collegio</span> <span class='ocrx_word' id='word_1_138' title='bbox 1028 1332 1084 1358; x_wconf 81' lang='lat' dir='ltr'><strong>mit</strong></span> <span class='ocrx_word' id='word_1_139' title='bbox 1100 1332 1240 1366; x_wconf 82' lang='lat' dir='ltr'><strong>geringen</strong></span> <span class='ocrx_word' id='word_1_140' title='bbox 1262 1330 1427 1358; x_wconf 60' lang='lat' dir='ltr'><strong>Varianten.</strong></span> 
     </span>
    </p>
   </div>
   <div class='ocr_carea' id='block_1_6' title="bbox 620 1420 1038 1452">
    <p class='ocr_par' dir='ltr' id='par_1_11' title="bbox 620 1420 1038 1452">
     <span class='ocr_line' id='line_1_24' title="bbox 620 1420 1038 1452; baseline 0.002 -2"><span class='ocrx_word' id='word_1_141' title='bbox 620 1420 688 1451; x_wconf 84' lang='lat'>282.</span> <span class='ocrx_word' id='word_1_142' title='bbox 728 1421 770 1452; x_wconf 86' lang='lat' dir='ltr'>De</span> <span class='ocrx_word' id='word_1_143' title='bbox 789 1421 894 1451; x_wconf 85' lang='lat' dir='ltr'><strong>sancto</strong></span> <span class='ocrx_word' id='word_1_144' title='bbox 916 1421 1038 1452; x_wconf 82' lang='lat' dir='ltr'><strong>Jacobn.</strong></span> 
     </span>
    </p>
   </div>
   <div class='ocr_carea' id='block_1_7' title="bbox 180 1486 1331 1929">
    <p class='ocr_par' dir='ltr' id='par_1_12' title="bbox 734 1486 926 1517">
     <span class='ocr_line' id='line_1_25' title="bbox 734 1486 926 1517; baseline -0.005 0"><span class='ocrx_word' id='word_1_145' title='bbox 734 1486 782 1517; x_wconf 75' lang='lat' dir='ltr'><strong>Ad</strong></span> <span class='ocrx_word' id='word_1_146' title='bbox 799 1487 926 1517; x_wconf 81' lang='lat' dir='ltr'><strong>Laudes.</strong></span> 
     </span>
    </p>

    <p class='ocr_par' dir='ltr' id='par_1_13' title="bbox 185 1554 1291 1735">
     <span class='ocr_line' id='line_1_26' title="bbox 185 1554 1258 1598; baseline -0.001 -9"><span class='ocrx_word' id='word_1_147' title='bbox 185 1555 215 1589; x_wconf 81' lang='lat'><strong>1.</strong></span> <span class='ocrx_word' id='word_1_148' title='bbox 242 1555 363 1596; x_wconf 82' lang='lat' dir='ltr'><strong>Gaude,</strong></span> <span class='ocrx_word' id='word_1_149' title='bbox 388 1556 480 1587; x_wconf 83' lang='lat' dir='ltr'><strong>miles</strong></span> <span class='ocrx_word' id='word_1_150' title='bbox 504 1555 595 1598; x_wconf 82' lang='lat' dir='ltr'>bone,</span> <span class='ocrx_word' id='word_1_151' title='bbox 858 1557 888 1589; x_wconf 80' lang='lat'><strong>3.</strong></span> <span class='ocrx_word' id='word_1_152' title='bbox 911 1556 987 1588; x_wconf 82' lang='lat' dir='ltr'><strong>Reis</strong></span> <span class='ocrx_word' id='word_1_153' title='bbox 1010 1555 1116 1588; x_wconf 82' lang='lat' dir='ltr'><strong>vincla</strong></span> <span class='ocrx_word' id='word_1_154' title='bbox 1136 1554 1258 1596; x_wconf 80' lang='lat' dir='ltr'><strong>frange,</strong></span> 
     </span>
     <span class='ocr_line' id='line_1_27' title="bbox 238 1602 1276 1644; baseline 0.002 -11"><span class='ocrx_word' id='word_1_155' title='bbox 238 1602 347 1634; x_wconf 81' lang='lat' dir='ltr'>Victor</span> <span class='ocrx_word' id='word_1_156' title='bbox 370 1602 403 1633; x_wconf 90' lang='lat' dir='ltr'><strong>in</strong></span> <span class='ocrx_word' id='word_1_157' title='bbox 428 1612 535 1643; x_wconf 83' lang='lat' dir='ltr'>agone,</span> <span class='ocrx_word' id='word_1_158' title='bbox 913 1603 1032 1634; x_wconf 85' lang='lat' dir='ltr'><strong>Lumen</strong></span> <span class='ocrx_word' id='word_1_159' title='bbox 1058 1603 1158 1635; x_wconf 78' lang='lat' dir='ltr'><strong>caecis</strong></span> <span class='ocrx_word' id='word_1_160' title='bbox 1185 1603 1276 1644; x_wconf 81' lang='lat' dir='ltr'><strong>clona‚</strong></span> 
     </span>
     <span class='ocr_line' id='line_1_28' title="bbox 237 1649 1269 1690; baseline 0 -9"><span class='ocrx_word' id='word_1_161' title='bbox 237 1649 347 1682; x_wconf 86' lang='lat' dir='ltr'><strong>Vincis</strong></span> <span class='ocrx_word' id='word_1_162' title='bbox 372 1649 514 1681; x_wconf 90' lang='lat' dir='ltr'><strong>inimicos</strong></span> <span class='ocrx_word' id='word_1_163' title='bbox 914 1650 1014 1681; x_wconf 81' lang='lat' dir='ltr'><strong>Deum</strong></span> <span class='ocrx_word' id='word_1_164' title='bbox 1041 1658 1149 1682; x_wconf 88' lang='lat' dir='ltr'>verum</span> <span class='ocrx_word' id='word_1_165' title='bbox 1172 1659 1269 1690; x_wconf 89' lang='lat' dir='ltr'>posce</span> 
     </span>
     <span class='ocr_line' id='line_1_29' title="bbox 235 1696 1291 1735; baseline 0.001 -7"><span class='ocrx_word' id='word_1_166' title='bbox 235 1696 281 1728; x_wconf 85' lang='lat' dir='ltr'><strong>Et</strong></span> <span class='ocrx_word' id='word_1_167' title='bbox 300 1697 393 1735; x_wconf 82' lang='lat' dir='ltr'><strong>juvas</strong></span> <span class='ocrx_word' id='word_1_168' title='bbox 418 1697 545 1730; x_wconf 60' lang='lat' dir='ltr'><strong>amicos</strong></span> <span class='ocrx_word' id='word_1_169' title='bbox 914 1697 1040 1730; x_wconf 81' lang='lat' dir='ltr'><strong>Cunctis</strong></span> <span class='ocrx_word' id='word_1_170' title='bbox 1063 1700 1176 1729; x_wconf 85' lang='lat' dir='ltr'><strong>cuncta</strong></span> <span class='ocrx_word' id='word_1_171' title='bbox 1199 1696 1291 1729; x_wconf 86' lang='lat' dir='ltr'><strong>bona.</strong></span> 
     </span>
    </p>

    <p class='ocr_par' dir='ltr' id='par_1_14' title="bbox 180 1752 1331 1929">
     <span class='ocr_line' id='line_1_30' title="bbox 180 1752 1297 1793; baseline 0 -9"><span class='ocrx_word' id='word_1_172' title='bbox 180 1754 210 1784; x_wconf 85' lang='grc'><strong>2.</strong></span> <span class='ocrx_word' id='word_1_173' title='bbox 236 1752 376 1792; x_wconf 86' lang='lat' dir='ltr'>Adjutor</span> <span class='ocrx_word' id='word_1_174' title='bbox 400 1753 568 1785; x_wconf 87' lang='lat' dir='ltr'><strong>multorum</strong></span> <span class='ocrx_word' id='word_1_175' title='bbox 856 1754 888 1785; x_wconf 86' lang='lat'><strong>4.</strong></span> <span class='ocrx_word' id='word_1_176' title='bbox 915 1753 1025 1785; x_wconf 88' lang='lat' dir='ltr'><strong>Sumat</strong></span> <span class='ocrx_word' id='word_1_177' title='bbox 1047 1761 1158 1793; x_wconf 87' lang='lat' dir='ltr'>preces</span> <span class='ocrx_word' id='word_1_178' title='bbox 1182 1761 1241 1793; x_wconf 89' lang='lat' dir='ltr'>per</span> <span class='ocrx_word' id='word_1_179' title='bbox 1264 1761 1297 1785; x_wconf 86' lang='lat' dir='ltr'>te</span> 
     </span>
     <span class='ocr_line' id='line_1_31' title="bbox 236 1799 1331 1840; baseline 0.001 -9"><span class='ocrx_word' id='word_1_180' title='bbox 236 1799 372 1840; x_wconf 79' lang='lat' dir='ltr'><strong>Duxque</strong></span> <span class='ocrx_word' id='word_1_181' title='bbox 395 1800 620 1840; x_wconf 78' lang='lat' dir='ltr'><strong>Hispanorum,</strong></span> <span class='ocrx_word' id='word_1_182' title='bbox 916 1800 1041 1839; x_wconf 79' lang='lat' dir='ltr'><strong>Gratas,</strong></span> <span class='ocrx_word' id='word_1_183' title='bbox 1067 1801 1176 1840; x_wconf 82' lang='lat' dir='ltr'><strong>culpas</strong></span> <span class='ocrx_word' id='word_1_184' title='bbox 1200 1801 1331 1833; x_wconf 81' lang='lat' dir='ltr'><strong>mundet</strong></span> 
     </span>
     <span class='ocr_line' id='line_1_32' title="bbox 237 1846 1305 1889; baseline 0.002 -11"><span class='ocrx_word' id='word_1_185' title='bbox 237 1846 344 1879; x_wconf 85' lang='lat' dir='ltr'><strong>Fortis</strong></span> <span class='ocrx_word' id='word_1_186' title='bbox 371 1847 556 1887; x_wconf 83' lang='lat' dir='ltr'>debellator,</span> <span class='ocrx_word' id='word_1_187' title='bbox 914 1847 984 1879; x_wconf 87' lang='lat' dir='ltr'><strong>Jam</strong></span> <span class='ocrx_word' id='word_1_188' title='bbox 1010 1850 1184 1879; x_wconf 82' lang='lat' dir='ltr'><strong>transactas</strong></span> <span class='ocrx_word' id='word_1_189' title='bbox 1208 1847 1305 1889; x_wconf 85' lang='lat' dir='ltr'><strong>Deus,</strong></span> 
     </span>
     <span class='ocr_line' id='line_1_33' title="bbox 236 1893 1216 1929; baseline 0.002 -3"><span class='ocrx_word' id='word_1_190' title='bbox 236 1893 396 1927; x_wconf 78' lang='lat' dir='ltr'><strong>Virtutum</strong></span> <span class='ocrx_word' id='word_1_191' title='bbox 418 1897 549 1928; x_wconf 81' lang='lat' dir='ltr'><strong>amator.</strong></span> <span class='ocrx_word' id='word_1_192' title='bbox 914 1895 1046 1927; x_wconf 78' lang='lat' dir='ltr'>Creator</span> <span class='ocrx_word' id='word_1_193' title='bbox 1070 1895 1216 1929; x_wconf 87' lang='lat' dir='ltr'><strong>omnium.</strong></span> 
     </span>
    </p>
   </div>
   <div class='ocr_carea' id='block_1_8' title="bbox 174 1954 1474 2071">
    <p class='ocr_par' dir='ltr' id='par_1_15' title="bbox 174 1954 1474 2071">
     <span class='ocr_line' id='line_1_34' title="bbox 252 1954 1474 1996; baseline -0.001 -8"><span class='ocrx_word' id='word_1_194' title='bbox 252 1960 344 1988; x_wconf 85' lang='lat' dir='ltr'><strong>Psalt.</strong></span> <span class='ocrx_word' id='word_1_195' title='bbox 369 1959 570 1987; x_wconf 79' lang='lat' dir='ltr'><strong>Pallantinum</strong></span> <span class='ocrx_word' id='word_1_196' title='bbox 596 1961 665 1995; x_wconf 82' lang='lat' dir='ltr'><strong>imp.</strong></span> <span class='ocrx_word' id='word_1_197' title='bbox 689 1959 830 1987; x_wconf 77' lang='lat' dir='ltr'><strong>Luci-onii</strong></span> <span class='ocrx_word' id='word_1_198' title='bbox 856 1956 936 1986; x_wconf 86' lang='lat'>1512.</span> <span class='ocrx_word' id='word_1_199' title='bbox 964 1974 1002 1978; x_wconf 91' lang='lat'><strong>—-</strong></span> <span class='ocrx_word' id='word_1_200' title='bbox 1027 1956 1056 1993; x_wconf 77' lang='lat'><strong>2,</strong></span> <span class='ocrx_word' id='word_1_201' title='bbox 1086 1958 1103 1986; x_wconf 83' lang='lat'>2</span> <span class='ocrx_word' id='word_1_202' title='bbox 1122 1959 1191 1987; x_wconf 84' lang='lat' dir='ltr'><strong>Dux</strong></span> <span class='ocrx_word' id='word_1_203' title='bbox 1209 1960 1417 1996; x_wconf 77' lang='lat' dir='ltr'><strong>Hispanomm.</strong></span> <span class='ocrx_word' id='word_1_204' title='bbox 1437 1954 1474 1980; x_wconf 84' lang='lat'><strong>—&#39;-</strong></span> 
     </span>
     <span class='ocr_line' id='line_1_35' title="bbox 177 1996 1471 2034; baseline 0 -7"><span class='ocrx_word' id='word_1_205' title='bbox 177 1999 260 2028; x_wconf 85' lang='lat' dir='ltr'><strong>Nach</strong></span> <span class='ocrx_word' id='word_1_206' title='bbox 281 1997 337 2026; x_wconf 81' lang='lat' dir='ltr'>Str.</span> <span class='ocrx_word' id='word_1_207' title='bbox 362 1996 382 2025; x_wconf 87' lang='lat'>4</span> <span class='ocrx_word' id='word_1_208' title='bbox 407 1998 482 2033; x_wconf 79' lang='lat' dir='ltr'>folgt</span> <span class='ocrx_word' id='word_1_209' title='bbox 500 1998 576 2026; x_wconf 90' lang='lat' dir='ltr'><strong>noch</strong></span> <span class='ocrx_word' id='word_1_210' title='bbox 600 1996 650 2025; x_wconf 84' lang='lat' dir='ltr'>der</span> <span class='ocrx_word' id='word_1_211' title='bbox 665 1997 780 2033; x_wconf 85' lang='lat' dir='ltr'><strong>Anfang</strong></span> <span class='ocrx_word' id='word_1_212' title='bbox 804 1997 854 2024; x_wconf 85' lang='lat' dir='ltr'>der</span> <span class='ocrx_word' id='word_1_213' title='bbox 873 1996 1048 2033; x_wconf 79' lang='lat' dir='ltr'>Doxologie:</span> <span class='ocrx_word' id='word_1_214' title='bbox 1075 1997 1121 2025; x_wconf 80' lang='lat' dir='ltr'><strong>Sit</strong></span> <span class='ocrx_word' id='word_1_215' title='bbox 1146 1997 1210 2025; x_wconf 85' lang='lat' dir='ltr'><strong>laus</strong></span> <span class='ocrx_word' id='word_1_216' title='bbox 1237 1999 1313 2034; x_wconf 81' lang='lat' dir='ltr'><strong>patri</strong></span> <span class='ocrx_word' id='word_1_217' title='bbox 1333 2000 1471 2034; x_wconf 80' lang='lat' dir='ltr'><strong>ingenito,</strong></span> 
     </span>
     <span class='ocr_line' id='line_1_36' title="bbox 174 2035 869 2071; baseline -0.007 -5"><span class='ocrx_word' id='word_1_218' title='bbox 174 2038 221 2065; x_wconf 87' lang='lat' dir='ltr'><strong>die</strong></span> <span class='ocrx_word' id='word_1_219' title='bbox 241 2036 324 2065; x_wconf 85' lang='lat' dir='ltr'><strong>indes</strong></span> <span class='ocrx_word' id='word_1_220' title='bbox 344 2035 427 2063; x_wconf 84' lang='lat' dir='ltr'><strong>nicht</strong></span> <span class='ocrx_word' id='word_1_221' title='bbox 445 2044 482 2063; x_wconf 81' lang='lat' dir='ltr'><strong>zu</strong></span> <span class='ocrx_word' id='word_1_222' title='bbox 501 2036 609 2063; x_wconf 82' lang='lat' dir='ltr'><strong>diesem</strong></span> <span class='ocrx_word' id='word_1_223' title='bbox 629 2035 763 2071; x_wconf 82' lang='lat' dir='ltr'><strong>Hymnus</strong></span> <span class='ocrx_word' id='word_1_224' title='bbox 783 2035 869 2070; x_wconf 80' lang='lat' dir='ltr'><strong>passt.</strong></span> 
     </span>
    </p>
   </div>
   <div class='ocr_carea' id='block_1_9' title="bbox 621 2126 1036 2232">
    <p class='ocr_par' dir='ltr' id='par_1_16' title="bbox 621 2126 1036 2232">
     <span class='ocr_line' id='line_1_37' title="bbox 621 2126 1036 2159; baseline -0.002 -1"><span class='ocrx_word' id='word_1_225' title='bbox 621 2127 686 2158; x_wconf 82' lang='lat'>283.</span> <span class='ocrx_word' id='word_1_226' title='bbox 725 2127 769 2158; x_wconf 85' lang='lat' dir='ltr'>De</span> <span class='ocrx_word' id='word_1_227' title='bbox 790 2126 896 2158; x_wconf 70' lang='lat' dir='ltr'><strong>saneto</strong></span> <span class='ocrx_word' id='word_1_228' title='bbox 915 2127 1036 2159; x_wconf 76' lang='lat' dir='ltr'><strong>Jacobo.</strong></span> 
     </span>
     <span class='ocr_line' id='line_1_38' title="bbox 671 2194 979 2232; baseline -0.006 -8"><span class='ocrx_word' id='word_1_229' title='bbox 671 2195 706 2224; x_wconf 89' lang='lat' dir='ltr'><strong>In</strong></span> <span class='ocrx_word' id='word_1_230' title='bbox 728 2194 816 2232; x_wconf 87' lang='lat' dir='ltr'>Vesp.</span> <span class='ocrx_word' id='word_1_231' title='bbox 838 2198 868 2225; x_wconf 77' lang='lat' dir='ltr'>et</span> <span class='ocrx_word' id='word_1_232' title='bbox 885 2194 979 2225; x_wconf 84' lang='lat' dir='ltr'><strong>Laud.</strong></span> 
     </span>
    </p>
   </div>
   <div class='ocr_carea' id='block_1_10' title="bbox 175 2264 1392 2443">
    <p class='ocr_par' dir='ltr' id='par_1_17' title="bbox 175 2264 1392 2443">
     <span class='ocr_line' id='line_1_39' title="bbox 175 2264 1316 2307; baseline -0.003 -6"><span class='ocrx_word' id='word_1_233' title='bbox 175 2268 206 2302; x_wconf 77' lang='lat'><strong>1.</strong></span> <span class='ocrx_word' id='word_1_234' title='bbox 231 2267 375 2307; x_wconf 87' lang='lat' dir='ltr'><strong>Hymnos</strong></span> <span class='ocrx_word' id='word_1_235' title='bbox 402 2266 514 2299; x_wconf 89' lang='lat' dir='ltr'><strong>chorus</strong></span> <span class='ocrx_word' id='word_1_236' title='bbox 541 2273 609 2297; x_wconf 87' lang='lat' dir='ltr'><strong>cum</strong></span> <span class='ocrx_word' id='word_1_237' title='bbox 632 2265 759 2297; x_wconf 84' lang='lat' dir='ltr'>modulo</span> <span class='ocrx_word' id='word_1_238' title='bbox 853 2267 884 2297; x_wconf 84' lang='lat'><strong>2.</strong></span> <span class='ocrx_word' id='word_1_239' title='bbox 911 2264 969 2303; x_wconf 76' lang='lat' dir='ltr'><strong>Qui</strong></span> <span class='ocrx_word' id='word_1_240' title='bbox 993 2264 1157 2297; x_wconf 84' lang='lat' dir='ltr'>Zebedaeo</span> <span class='ocrx_word' id='word_1_241' title='bbox 1182 2265 1316 2307; x_wconf 61' lang='lat' dir='ltr'><strong>genium,</strong></span> 
     </span>
     <span class='ocr_line' id='line_1_40' title="bbox 232 2312 1366 2354; baseline 0 -8"><span class='ocrx_word' id='word_1_242' title='bbox 232 2314 350 2347; x_wconf 77' lang='lat' dir='ltr'>Noster</span> <span class='ocrx_word' id='word_1_243' title='bbox 376 2314 523 2346; x_wconf 85' lang='lat' dir='ltr'>decantet</span> <span class='ocrx_word' id='word_1_244' title='bbox 546 2312 656 2345; x_wconf 88' lang='lat' dir='ltr'>sedulo</span> <span class='ocrx_word' id='word_1_245' title='bbox 909 2312 1004 2344; x_wconf 83' lang='lat' dir='ltr'>Illum</span> <span class='ocrx_word' id='word_1_246' title='bbox 1029 2312 1208 2352; x_wconf 74' lang='lat' dir='ltr'><strong>relinquens</strong></span> <span class='ocrx_word' id='word_1_247' title='bbox 1231 2313 1366 2354; x_wconf 88' lang='lat' dir='ltr'><strong>penitus,</strong></span> 
     </span>
     <span class='ocr_line' id='line_1_41' title="bbox 231 2360 1312 2401; baseline -0.002 -7"><span class='ocrx_word' id='word_1_248' title='bbox 231 2363 370 2395; x_wconf 84' lang='lat' dir='ltr'><strong>Patrono</strong></span> <span class='ocrx_word' id='word_1_249' title='bbox 394 2361 627 2401; x_wconf 71' lang='lat' dir='ltr'><strong>benignissimo</strong></span> <span class='ocrx_word' id='word_1_250' title='bbox 911 2360 1058 2393; x_wconf 82' lang='lat' dir='ltr'><strong>Dimissis</strong></span> <span class='ocrx_word' id='word_1_251' title='bbox 1083 2361 1165 2401; x_wconf 81' lang='lat' dir='ltr'><strong>navi,</strong></span> <span class='ocrx_word' id='word_1_252' title='bbox 1192 2361 1312 2393; x_wconf 82' lang='lat' dir='ltr'><strong>retibus</strong></span> 
     </span>
     <span class='ocr_line' id='line_1_42' title="bbox 227 2408 1392 2443; baseline 0 -1"><span class='ocrx_word' id='word_1_253' title='bbox 227 2409 352 2442; x_wconf 79' lang='lat' dir='ltr'><strong>Jacobo</strong></span> <span class='ocrx_word' id='word_1_254' title='bbox 377 2409 600 2443; x_wconf 85' lang='lat' dir='ltr'><strong>sacratissimo.</strong></span> <span class='ocrx_word' id='word_1_255' title='bbox 911 2408 1077 2441; x_wconf 82' lang='lat' dir='ltr'><strong>Adhaeret</strong></span> <span class='ocrx_word' id='word_1_256' title='bbox 1102 2408 1227 2441; x_wconf 88' lang='lat' dir='ltr'><strong>Christo</strong></span> <span class='ocrx_word' id='word_1_257' title='bbox 1253 2410 1392 2443; x_wconf 82' lang='lat' dir='ltr'><strong>coelitus.</strong></span> 
     </span>
    </p>
   </div>
  </div>
 </body>
</html>
