1651 2518
602 188 661 220 123.
701 189 744 220 De
768 188 877 220 saneta
894 188 1043 219 Barbara.

725 246 772 275 Ad
791 246 916 276 Laudes.

181 303 211 336 1.
238 303 263 335 O
288 303 424 343 gloriosa
447 303 601 344 Barbara,

238 348 374 382 Coelesti
397 350 506 389 juncta
529 351 601 391 lilii,

237 396 356 428 Ornata
382 397 461 429 coeli
486 398 587 437 gloria

236 443 299 475 Pro
321 446 410 476 veste
436 444 644 483 corruptibili.

180 501 210 532 2.
237 499 262 531 Ο
287 501 428 539 pretiosa
450 500 563 539 hostia,

239 545 363 578 Christo
387 548 476 579 unita
501 548 606 588 capiti,

241 592 400 625 Christum
425 594 569 633 adquiris
594 595 729 634 provida

240 640 302 672 Pro
329 641 432 681 capite
456 641 592 674 solubili.

859 307 890 339 3.
916 305 1071 345 Rogamus
1097 312 1169 344 ergo
1196 302 1313 342 cernui,

913 351 958 384 Ut
981 351 1020 384 ab
1043 350 1200 383 horrendo
1226 348 1350 390 fulgure

913 398 957 429 Et
981 409 999 431 a
1025 398 1114 430 clade
1138 397 1267 429 tonitrui

912 445 979 478 Nos
1003 453 1108 478 serves
1131 445 1214 476 omni
1237 446 1387 483 tempore.

881 527 888 534 .
913 501 1046 533 Virtutis
1071 503 1144 532 tuae
1167 500 1287 532 meritis

915 547 1044 579 Custodi
1068 556 1125 580 nos
1150 556 1169 578 a
1192 548 1345 588 grandine

913 594 958 626 Et
979 596 1013 627 in
1039 595 1090 626 die
1110 594 1223 634 judicii

913 644 941 674 A
966 650 1067 681 poena
1091 645 1122 672 et
1145 650 1164 673 a
1184 641 1301 680 judice.

574 700 606 731 5.
633 697 743 729 Gloria
766 697 834 738 tibi,
860 697 1005 737 Domine,

632 744 691 783 Qui
715 745 872 776 coronasti
894 748 1075 788 martyrem,

632 791 707 823 Cum
732 794 824 830 patre
848 793 880 822 et
903 795 1010 823 sancto
1035 791 1149 831 spiritu

632 838 669 869 In
694 838 885 878 sempiterna
908 838 1043 870 saecula.

255 901 341 929 Brev.
361 910 414 929 ms.
435 902 702 937 Compostellanum
721 910 795 930 saec.
816 901 858 930 15.
879 902 949 930 Cod.
969 903 1064 938 Capit.
1084 901 1269 937 Coinpostell.
1290 911 1313 930 s.
1331 911 1361 928 n.
1381 901 1415 929 A.
1434 915 1471 920 —-

180 939 264 967 Brev.
285 939 458 974 Urgellense
476 941 544 975 imp.
565 940 697 966 Venetiis
719 938 798 967 1487.
819 940 851 967 B.
872 955 910 959 -—
931 938 963 974 1,
985 939 999 967 1
1022 940 1045 967 O
1064 939 1137 967 fehlt
1155 940 1186 967 B.
1208 954 1243 958 —-
1266 938 1290 971 1,
1310 937 1328 965 2
1349 939 1472 967 00316εεί

179 977 283 1011 juncta
299 977 394 1004 lilium
415 977 453 1012 B3
473 976 542 1004 lies:
563 976 705 1005 Goelestis
721 978 823 1011 juncta
841 977 917 1004 lilii?
937 991 974 996 —
995 975 1019 1010 1,
1039 975 1057 1004 3
1077 977 1188 1005 Ornata.
1209 978 1296 1004 etiam
1315 977 1411 1012 gloria
1429 977 1471 1009 A;

181 1023 236 1041 nur
255 1014 296 1041 Et
314 1014 409 1048 gloria
427 1017 460 1041 B.
480 1028 517 1032 —
539 1012 562 1048 1,
583 1013 603 1041 4
620 1014 677 1041 Pro
697 1017 778 1042 veste
797 1015 1011 1050 incorruptibili
1030 1015 1063 1048 A,
1090 1023 1142 1049 pro
1163 1018 1242 1041 vente
1262 1015 1471 1050 ‹·0ntemptibili

184 1052 215 1078 B.
236 1067 274 1071 —
294 1050 321 1086 2,
341 1049 358 1077 2
378 1050 492 1079 Christo
512 1053 575 1078 vita
593 1053 683 1087 capiti
702 1052 732 1079 Β.
752 1066 789 1071 —-
809 1050 836 1085 2,
855 1050 875 1078 4
893 1053 949 1080 Pro
970 1053 1065 1087 capite
1082 1052 1209 1080 sobabili
1222 1052 1253 1079 B.
1303 1070 1309 1071 γ
1329 1051 1357 1084 4,
1379 1050 1394 1079 1
1408 1052 1471 1079 Υιτ-

181 1091 244 1116 tute
265 1091 308 1116 ‘tui
328 1089 365 1124 A;
386 1089 502 1116 Virtute
521 1092 589 1116 tuae
600 1089 634 1116 Β.
648 1104 684 1108 -
698 1088 754 1116 Str.
768 1087 788 1116 4
801 1089 860 1116 und
874 1088 891 1116 5
905 1089 970 1117 sind
984 1091 1015 1116 in
1028 1090 1052 1116 A
1066 1089 1229 1116 irrtiimlich
1242 1089 1471 1117 verschmolzen:

611 1126 725 1154 Virtute
744 1128 788 1154 tui
806 1127 941 1161 Domine,

613 1163 670 1197 Qui
690 1166 836 1191 coronasti
855 1168 1010 1199 martyrem
1031 1167 1083 1192 ete.

180 1202 239 1228 Der
258 1201 393 1236 Hymnus
412 1201 491 1228 steht
509 1200 546 1228 ad
564 1202 744 1229 Nocturnum
762 1204 794 1229 in
812 1202 845 1229 B.

606 1292 668 1323 124.
708 1292 751 1323 De
769 1294 879 1324 sancta
896 1292 1049 1324 Barbara.

728 1349 775 1379 Ad
794 1349 919 1379 Laudes.

181 1409 212 1441 1.
237 1408 324 1440 Audi
348 1410 481 1447 paterna
506 1408 620 1441 caritas

236 1455 373 1487 Tuorum
400 1464 491 1487 voces
516 1457 706 1495 supplicum,

235 1502 377 1535 Intentos
398 1503 462 1534 suis
486 1502 632 1535 laudibus

237 1547 332 1581 Salva
355 1549 517 1581 Barbarae
535 1549 693 1590 precibus.

179 1606 211 1639 2.
236 1604 312 1643 1psa
334 1613 393 1643 pro
418 1608 450 1636 te
475 1606 623 1637 sustinuit

236 1650 408 1683 Tormenta
433 1652 525 1683 nimis
549 1652 692 1691 grandia,

236 1697 339 1736 Quare
363 1708 383 1730 a
406 1700 438 1729 te
462 1699 637 1739 promeruit

236 1746 390 1777 coelestis
414 1746 505 1786 regni
529 1746 657 1786 gaudia.

858 1410 888 1442 3.
915 1408 1007 1440 Nunc
1032 1418 1105 1450 ergo
1126 1410 1236 1448 juncta
1260 1412 1383 1449 superi⁰

916 1455 962 1487 Te
985 1457 1142 1495 poscimus
1169 1455 1364 1488 Christicolis

919 1528 1264 1537 ...........
1288 1511 1371 1535 veris

919 1576 925 1582 .
955 1579 961 1582 .
991 1579 997 1585 ,
1021 1549 1156 1581 favendo
1181 1550 1300 1583 rivolis.

858 1606 889 1637 4.
915 1607 1062 1638 Praestet
1081 1608 1172 1645 pater
1197 1609 1229 1637 et
1251 1606 1345 1645 filiuS,

914 1653 1058 1684 Praestet
1081 1653 1243 1685 amborum
1268 1653 1397 1692 spiritus

915 1699 961 1732 Ut
985 1701 1051 1739 ejus
1075 1699 1192 1731 sanctis
1217 1700 1364 1739 precibus

914 1746 1001 1778 Coeli
1021 1747 1188 1786 J'ungamur
1213 1747 1343 1779 civibus.

251 1810 336 1837 Brev.
357 1810 531 1845 Urgellense
551 1811 620 1845 imp.
640 1810 772 1838 Venetiis
797 1808 876 1838 1487.
900 1826 933 1829 —
956 1808 980 1844 1,
1003 1809 1017 1838 1
1032 1810 1107 1838 Audi
1127 1813 1251 1847 patrona
1269 1812 1420 1839 clarit-atis.

176 1846 203 1883 2,
225 1846 242 1874 2
261 1849 349 1875 nimis
371 1849 496 1883 erg-iinzt.
519 1862 554 1866 —
573 1846 601 1882 4,
625 1845 638 1875 l
658 1845 780 1876 Praesta
798 1851 890 1883 pater.
912 1864 947 1868 —-
967 1847 995 1882 4,
1014 1846 1034 1875 4
1053 1849 1181 1876 fruamur
1201 1849 1323 1880 civibus,

600 1938 662 1970 125.
702 1938 746 1970 De
764 1940 875 1970 saneta
895 1938 1046 1970 Barbara.

671 1995 719 2026 Ad
733 1996 823 2034 Vesp.
844 1999 873 2026 et
889 1996 975 2026 Noct.

178 2058 207 2091 1.
233 2057 335 2089 Sonus
359 2058 451 2087 sonet
471 2055 686 2099 symphoniae,

281 2103 359 2135 Lira
382 2104 456 2135 liret
481 2103 631 2144 citharae,

231 2152 298 2184 Mel
323 2151 445 2182 melitet
468 2150 633 2190 melodiae,

279 2198 382 2230 Melos
405 2195 481 2230 fluat
507 2200 643 2240 nectare,

180 2245 183 2248 '
231 2247 331 2278 Amor
354 2245 448 2278 ardet
470 2245 659 2287 harmoniae,

279 2293 402 2333 Lingua
425 2301 504 2325 voce
527 2300 675 2333 compare

232 2340 361 2374 clarens
387 2340 490 2372 clerus
516 2341 575 2372 hac
597 2341 629 2372 in
658 2340 708 2372 die

280 2387 416 2422 Sanctae
439 2388 558 2429 psallat
581 2387 751 2420 Barbarae.

855 2057 887 2088 2.
915 2055 1034 2087 Graiae
1058 2057 1155 2096 gratis
1179 2058 1381 2099 gratulemur,

961 2102 1059 2135 Grate
1082 2104 1292 2144 gratulamini,

912 2149 1025 2182 Modos
1051 2151 1151 2183 modis
1176 2152 1380 2195 modulemur,

959 2197 1021 2230 Cor
1046 2198 1215 2231 concordet
1240 2200 1380 2241 carmini,

913 2244 1023 2284 Corde,
1052 2254 1184 2285 corpore
1209 2255 1355 2279 conemur

958 2293 1010 2324 Ad
1035 2292 1183 2325 honorem
1206 2293 1349 2337 Domini,

910 2339 978 2371 Deo
1004 2340 1097 2380 digne
1122 2339 1308 2374 famulemur

957 2387 1083 2420 Laudes
1110 2389 1214 2422 dando
1239 2390 1364 2430 virgini.
