1651 2518
669 119 920 153 -265-

147 209 177 239 5.
207 209 231 241 O
259 209 411 249 virginum
436 212 484 242 tot
509 211 628 243 milium
827 213 857 245 ¹7.
884 212 908 243 O
934 211 1112 252 Agrippina
1134 212 1255 251 civitas,

201 255 424 288 Reverendum
446 258 644 299 martyrium,
884 258 1039 295 Quantum
1064 260 1095 288 te
1120 267 1241 289 summa
1267 259 1367 291 deitas

202 301 288 339 Quae
317 311 375 334 vox
402 303 521 342 poterit
548 304 654 335 (licere
881 304 1012 345 Dilexit,
1039 312 1118 343 quae
1143 308 1191 336 tot
1215 305 1340 337 milibus

203 348 263 379 Vel
287 357 367 387 quae
390 349 501 389 lingua
525 351 710 389 exprimere.
881 350 928 381 Te
954 350 1067 382 ditavit
1090 350 1272 390 virginibus.

146 404 177 436 6.
203 404 418 436 Trucidantur
444 404 483 437 ab
509 405 653 437 hostibus
823 408 854 439 8.
881 405 930 436 De
954 405 1107 445 virginum
1136 407 1306 438 certamine

203 451 331 491 Cultris,
357 452 491 492 sagittiS,
519 452 655 495 ensibus,
882 452 998 492 Finito,
1026 451 1159 494 Christe,
1186 454 1324 485 carmine

199 498 320 530 Passim
346 507 403 537 per
428 507 519 539 agros
545 497 689 530 funditur
879 498 1005 539 Largiri
1029 498 1257 539 indulgentiam

204 544 346 586 Sanguis,
373 546 425 585 qui
450 554 532 577 nune
557 545 741 585 exquiritur.
879 545 979 577 Nobis
1008 545 1087 578 velis
1113 549 1145 577 et
1167 546 1309 586 gloriam.

538 603 568 634 9.
596 601 706 633 Gloria
731 609 846 640 sponso
873 601 1038 641 virginum,

594 648 705 680 Gloria
728 648 813 687 patri
837 648 984 688 omnium,

594 695 705 727 Gloria
729 704 818 727 sacro
842 693 962 727 flamini

595 742 644 774 Sit
667 751 751 774 nunc
772 745 804 774 et
826 743 860 775 in
884 746 1082 783 perpetuum.

217 808 301 835 Brev.
326 816 378 834 ms.
407 807 436 835 S.
461 807 613 835 Benedicti
631 807 839 835 Vallisoletani
866 816 940 835 saec.
971 806 1014 836 14.
1037 807 1106 834 Cod.
1128 807 1288 835 Seorialen.
1309 810 1331 835 P
1356 810 1387 837 Π
1416 807 1440 836 1.

143 845 177 871 A.
197 861 234 864 —
254 846 357 873 Diui-n.
384 854 437 873 ms.
457 845 641 881 Legionense
668 853 742 872 saec.
771 844 814 873 15.
837 844 904 872 Cod.
927 846 1020 880 Capit.
1046 842 1091 872 36.
1113 846 1146 872 B.
1168 861 1206 865 —
1226 843 1256 879 2,
1284 844 1301 873 2
1326 850 1441 875 roseata

140 884 172 909 B.
193 897 229 902 —
250 881 274 918 2,
302 881 321 910 4
341 884 439 919 Digna
460 882 568 911 Christi
586 883 620 910 B.
644 897 680 903 -—
698 881 725 916 4,
751 881 765 910 1
785 884 917 919 Eamque
937 886 1069 920 sequitur
1087 884 1120 911 B.
1141 900 1178 904 —
1198 883 1224 917 3,
1245 882 1265 911 4
1285 887 1441 920 reprimere

141 921 175 948 A.
195 936 232 940 —
251 919 277 955 8,
299 918 316 948 3
336 921 459 957 Largire
478 921 537 949 AB.

564 1030 633 1061 464.
672 1031 715 1062 De
736 1032 847 1063 saneta
866 1031 988 1062 Ursula.

678 1098 713 1127 ln
731 1098 893 1128 Laudibus.

148 1166 177 1197 1.
203 1165 272 1197 Jam
299 1167 401 1207 surgit
424 1167 503 1199 hora
527 1169 631 1211 tertia,
821 1171 852 1202 4.
878 1167 962 1200 Hine
986 1167 1101 1200 festiva
1122 1168 1304 1207 Jucunditas

201 1214 268 1251 Qua
294 1213 429 1253 virgines
455 1216 612 1246 scandunt
637 1215 740 1246 coelos
878 1214 923 1246 Et
943 1215 1084 1254 Jueunda
1109 1214 1265 1248 festivitas

201 1260 312 1300 Ibique
339 1261 446 1292 dulces
470 1261 588 1301 jugiter
879 1263 910 1294 A
935 1262 1055 1294 eunctis
1082 1263 1163 1294 coeli
1187 1262 1308 1294 civibus

203 1308 280 1340 Cum
305 1309 425 1347 angelis
452 1311 568 1340 canunt
591 1310 699 1341 melos.
878 1309 1030 1342 Patratur
1052 1309 1086 1340 in
1112 1309 1310 1342 coelestibus.

148 1365 179 1396 2.
205 1364 354 1396 Exsultet
378 1365 497 1397 coelum
522 1365 679 1404 laudibus,
822 1369 855 1399 5.
881 1365 974 1397 Laeti
998 1367 1108 1406 pusilli
1133 1369 1165 1397 et
1187 1367 1293 1406 magni

203 1412 280 1444 Cum
313 1412 447 1443 mundus
469 1413 572 1444 saevit
594 1412 762 1453 stragibus,
877 1414 964 1444 Ante
987 1413 1094 1446 sedem
1120 1416 1248 1446 cantant
1272 1415 1344 1453 agni

204 1458 287 1496 Quas
311 1459 411 1490 hostis
436 1458 512 1491 ferit
536 1460 661 1500 gladiis,
879 1460 1033 1499 Novaque
1059 1460 1274 1493 modulamina

204 1505 272 1537 Has
299 1505 443 1537 Christus
468 1507 570 1545 replet
595 1507 728 1547 gaudiis.
880 1506 1079 1546 Depromunt
1102 1511 1175 1547 post
1201 1508 1381 1540 certamina.

148 1561 180 1594 3.
207 1562 231 1594 Ο
258 1570 351 1601 quam
374 1562 445 1593 luce
472 1561 611 1594 clarifica
824 1565 855 1595 6.
881 1563 946 1595 Vos
973 1571 1056 1603 ergo,
1083 1564 1220 1603 virgines
1244 1564 1325 1607 piae,

207 1608 300 1648 Virgo
326 1609 471 1640 ascendit
495 1608 623 1650 Ursula,
882 1609 999 1640 Natum
1024 1610 1149 1649 placate
1172 1611 1305 1653 Manae,

206 1655 341 1686 Turmas
366 1664 493 1687 suarum
518 1656 674 1696 virginum
882 1656 928 1689 Ut
953 1666 1009 1688 nos
1033 1659 1184 1697 purgatos
1209 1657 1286 1689 vitio

205 1702 364 1733 Recenset
388 1705 462 1734 ante
486 1702 665 1737 Dominum.
885 1702 947 1734 Suo
972 1704 1056 1735 locet
1078 1704 1209 1743 palatio.

544 1761 573 1792 7.
602 1759 711 1792 Gloria
735 1768 851 1799 sponso
882 1759 1044 1799 virgiuum.

220 1824 303 1851 Brev.
324 1832 377 1850 ms.
392 1823 541 1851 Benedicti
559 1823 754 1851 Valisoletani
781 1832 855 1851 saec.
878 1821 921 1851 14.
943 1824 1015 1851 Cod-
1035 1823 1193 1853 Scorialen.
1214 1825 1237 1853 P
1257 1826 1288 1853 ΙΙ.
1306 1825 1330 1853 1.
1352 1827 1386 1854 A.
1405 1841 1442 1846 —

149 1862 253 1889 Diurn.
281 1870 333 1889 ms.
354 1862 538 1898 Legionense
557 1869 632 1889 saec.
654 1860 698 1889 15.
719 1861 788 1888 God.
812 1862 904 1897 Capit.
921 1862 1078 1898 Legioncn.
1103 1860 1148 1889 5³6.
1168 1864 1201 1891 B.
1252 1879 1258 1882 -
1282 1862 1305 1897 1,
1329 1862 1343 1891 1
1361 1865 1446 1900 fehlt5

144 1900 196 1927 der
216 1900 351 1934 Hymnus
376 1900 512 1936 beginnt:
539 1899 677 1935 Virgines
703 1899 846 1926 scandunt
864 1899 977 1927 coelum
995 1905 1028 1927 15.
1048 1914 1085 1918 —
1111 1898 1132 1934 3,
1159 1899 1179 1928 4
1198 1902 1334 1929 Rem-nsit
1352 1903 1386 1930 A.
1407 1917 1444 1922 ——

144 1936 171 1971 5,
195 1936 209 1965 1
232 1937 355 1973 pusillos
376 1938 409 1964 A.
431 1952 468 1956 —
487 1937 549 1964 Der
567 1938 702 1972 Hymnus
723 1937 801 1964 steht
818 1939 851 1965 in
871 1938 976 1974 obigen
997 1938 1120 1972 Quellen
1140 1940 1171 1965 in
1191 1939 1247 1967 den
1262 1939 1357 1968 Laude
1369 1962 1383 1975 ,,
1405 1942 1445 1968 ist

144 1976 214 2003 aber
234 1975 309 2003 uach
332 1973 356 2011 1,
380 1973 394 2002 1
416 1975 545 2003 offenbar
565 1975 611 2002 fiir
630 1975 679 2003 die
695 1975 768 2002 Terz
787 1974 984 2011 geschrieben.

581 2095 649 2126 465.
689 2093 733 2125 De
757 2096 868 2126 saneta
890 2095 1010 2127 Ursula.

645 2161 693 2191 Ad
714 2162 947 2199 Completorium.

145 2235 176 2267 1.
203 2235 254 2266 Ad
282 2234 470 2273 complenda
496 2231 602 2265 offic-ia
825 2234 856 2266 2.
884 2232 928 2265 Ut
952 2234 1108 2265 excitetur
1133 2235 1258 2271 caritas,

202 2282 238 2314 In
264 2290 358 2314 sacra
382 2280 527 2313 natalitia
885 2279 1038 2312 Praesens
1064 2284 1169 2313 movet
1192 2282 1384 2323 solemnitas,

199 2330 376 2362 Psallamus
402 2337 486 2362 nunc
509 2326 661 2360 melliflua
881 2326 1041 2368 Exsurgat
1064 2330 1100 2359 ut.
1122 2338 1211 2361 mens
1235 2331 1363 2370 torpida

201 2377 312 2410 Laude
338 2377 379 2408 ad
406 2376 526 2409 Christi
552 2376 693 2416 gloriam.
882 2377 932 2406 Ac
957 2374 1079 2416 fragilis
1105 2379 1137 2408 et
1160 2377 1315 2412 morbida.
