1651 2518
675 95 932 130 —281-

553 189 582 220 5.
607 189 780 222 Amborum
809 189 905 223 flante
928 189 1053 223 flamine

607 235 804 276 Comparque
826 239 928 278 patris
951 239 1043 270 unice

607 283 700 314 Nunc
724 285 756 315 et
779 287 907 317 aeterna
930 286 1038 325 requie

605 330 803 372 Praesta,
828 335 950 371 pater
974 333 1178 372 piissime.

232 392 317 419 Brev.
344 400 396 419 ms.
422 393 617 421 Tirasonense
641 402 717 422 saec.
742 393 816 423 ¹⁴l1n.
843 395 902 424 Cod
940 396 1032 433 Capit.
1058 399 1226 426 Tirasonen.
1251 408 1274 427 s.
1300 408 1327 426 n.
1349 400 1384 426 A.
1416 414 1447 418 —

160 429 245 457 Brev.
263 429 458 458 'Pirasonense
484 432 552 467 imp.
576 432 706 459 Venetiis
734 430 816 461 1497.
835 434 868 461 B.
899 449 936 454 —·
964 434 992 469 4,
1014 434 1029 462 l
1049 436 1118 470 Ure,
1138 439 1280 464 scrutator
1302 437 1376 465 alme
1394 446 1455 465 eor-

158 467 237 495 dium
258 466 315 494 ΑΡ.
335 481 372 486 —-
393 466 419 501 5,
439 466 457 496 3
477 468 561 496 Nunc
578 469 654 497 fehlt
671 470 705 497 A.

465 596 533 627 493.
571 596 607 627 In
627 597 731 629 Natali
750 598 954 638 plurimorum
972 600 1145 640 Virgilium.

675 665 725 694 Ad
743 664 932 696 Nocturnum.

436 734 466 766 1,
492 733 638 774 Virgines
663 743 781 775 sacrae,
807 735 876 767 Deo
900 736 1075 777 timoratae,

485 780 641 812 Mundum
665 785 861 821 spernentes,
887 782 1011 816 Christo
1036 785 1218 826 servientes,

488 827 609 867 sponso
633 829 809 869 gaudendo,
834 838 934 869 prava
958 829 1107 871 fugiendo

531 875 615 907 Vere
639 877 807 911 laetantur.

428 951 460 982 2.
487 949 610 981 Saeculi
634 951 744 982 laudes
768 960 788 982 a
811 960 845 983 se
869 952 1068 992 repellentes,

486 996 623 1037 Nuptias
646 997 757 1029 mundi
780 1006 905 1037 semper
929 998 1145 1039 abhorrentes,

487 1043 611 1075 Gaudia
634 1052 709 1076 vere
731 1045 811 1076 lucis
835 1046 1069 1086 amplectenteS,

530 1090 582 1123 Sic
607 1094 805 1124 coronantur.

427 1167 458 1199 3.
485 1166 630 1206 Virgines
652 1166 726 1206 piae
749 1175 865 1205 sponso
890 1168 1108 1208 adhaerentes,

481 1212 615 1244 Domino
641 1212 764 1245 Christo
789 1222 914 1252 semper
939 1215 1178 1254 congaudentes,

481 1259 643 1292 Laudibus
670 1261 748 1292 coeli
771 1269 896 1301 semper
920 1262 1111 1294 exsultantes

529 1307 617 1339 Luce
641 1308 808 1340 laetantur.

425 1383 454 1414 4.
483 1380 594 1413 Gloria
614 1381 700 1421 patri
723 1382 766 1413 sit
787 1381 857 1414 Deo
881 1385 1020 1421 aeterno,

484 1427 594 1461 Gloria
617 1428 710 1469 proli,
737 1437 861 1468 semper
885 1429 939 1461 lux
961 1430 1118 1468 perennis,

481 1474 620 1507 Flamini
642 1483 702 1507 nec
724 1483 787 1508 non
810 1476 916 1507 lumen
940 1478 973 1506 et
996 1478 1168 1515 aeternum,

529 1522 636 1554 Virtus
660 1526 798 1555 aeterna.

224 1588 309 1616 BreV.
334 1588 537 1616 Placentinum
562 1589 631 1623 imp.
651 1587 783 1615 Venetiis
810 1585 891 1615 1503.
913 1589 948 1616 A.
976 1602 1012 1607 —
1035 1589 1120 1616 Brev.
1142 1589 1208 1616 Orcl.
1229 1588 1258 1617 S.
1278 1589 1383 1617 Jacobi
1409 1589 1445 1617 de

148 1626 240 1662 Spata
258 1628 327 1661 imp.
346 1627 477 1661 Legione
498 1623 579 1652 1532.
600 1626 632 1652 B.
653 1639 691 1644 -—
709 1626 794 1653 Brev.
815 1625 1044 1654 Salmanticense
1064 1627 1133 1663 imp.
1149 1626 1341 1654 Salmanticae
1363 1625 1443 1655 1541.

149 1664 180 1691 C.
199 1680 239 1684 —
258 1668 342 1692 brev.
360 1664 565 1692 Placentinum
583 1664 624 1690 im
646 1684 652 1690 .
671 1663 804 1690 Venetiis
827 1661 908 1691 1554.
927 1665 965 1691 D.
984 1678 1020 1682 —
1043 1662 1067 1699 1,
1089 1663 1105 1690 1
1118 1665 1175 1692 Dei
1193 1666 1347 1692 timoratae
1362 1664 1393 1691 O.
1406 1680 1441 1683 Α

151 1701 175 1736 1,
202 1700 220 1728 2
240 1703 303 1730 Deo
329 1703 488 1729 servientes
510 1701 541 1728 C.
565 1716 599 1720 ——
638 1722 645 1735 ,
666 1698 684 1726 2
704 1709 816 1736 semper
834 1702 992 1738 gaudentes
1011 1702 1045 1729 A.
1065 1716 1102 1720 -—
1121 1699 1147 1736 3,
1167 1701 1187 1729 4
1204 1703 1281 1729 Vere
1299 1703 1444 1730 laetantur

146 1741 216 1775 AD;
236 1740 302 1767 luce
320 1740 466 1767 laetentur
486 1738 516 1766 Ο.
537 1754 574 1759 -—
593 1737 620 1773 4,
641 1736 658 1766 3
679 1741 828 1766 aetemum
847 1741 877 1767 et
896 1738 926 1766 Ο.

617 1868 685 1899 494.
723 1868 767 1899 De
786 1867 976 1909 Virginibus.

681 1935 728 1965 Ad
748 1934 902 1973 Vesperas.

149 2010 179 2042 1.
206 2008 303 2039 Festo
328 2008 507 2039 sanctarum
532 2006 688 2045 virginum
825 2006 855 2038 3.
882 2004 1033 2037 Laetetur
1058 2005 1142 2037 orbis
1165 2006 1275 2038 inclita

207 2055 366 2088 Christum
390 2054 554 2086 laudemus
575 2052 753 2092 Dominum,
882 2052 1031 2085 Ecclesia
1056 2053 1220 2092 catholica,

202 2103 262 2143 Qui
286 2102 385 2134 sacris
412 2101 467 2134 dat
489 2100 664 2141 virginibus
881 2100 1053 2132 Exsultans
1081 2101 1168 2132 velut
1191 2102 1328 2141 propriis

204 2150 352 2183 Gaudere
375 2150 408 2181 in
434 2148 631 2181 coelestibus.
881 2147 1040 2188 Vir-gineis
1065 2148 1234 2182 solemniis.

145 2211 176 2243 2,
202 2208 381 2240 Prudentes
407 2214 482 2238 vero
507 2204 645 2247 virgines
823 2207 855 2238 4.
883 2203 994 2236 Cuncti
1016 2205 1169 2236 laetemur
1193 2205 1286 2237 hodie

202 2255 281 2287 Suas
304 2256 453 2286 ornantes
477 2252 641 2292 lampades
882 2251 1002 2283 Dantes
1027 2260 1136 2283 vocem
1159 2252 1300 2284 laetitiae

201 2302 403 2335 Adveniente
426 2301 561 2333 Domino
882 2298 946 2331 Sub
971 2299 1127 2339 virginum
1151 2300 1291 2340 tripudio

201 2350 379 2383 Occurrunt
403 2348 477 2380 huic
498 2357 566 2380 cum
591 2347 717 2388 gaudio,
881 2346 925 2378 Et
947 2347 1101 2379 castitatis
1126 2348 1250 2388 gaudio.
