1651 2518
704 91 936 126 —31-

638 201 665 234 9.
705 201 748 234 De
768 201 892 234 Nomine
911 201 993 233 Jesu.

694 268 741 298 Ad
760 267 948 299 Nocturnum.

173 334 202 367 1.
229 334 254 366 O
282 334 347 366 vita
370 335 448 368 Jesu
473 336 624 376 cordium,
853 338 884 370 3.
910 336 995 378 Jesu,
1016 337 1081 368 reis
1106 344 1178 376 spes
1202 336 1305 375 unica,

230 380 317 413 Dans
343 389 418 414 vera
443 382 533 414 nobis
555 384 680 423 gaudia,
911 384 935 417 Ο
962 392 1053 423 quam
1077 383 1147 422 pius
1171 382 1361 424 petentibus,

230 428 310 467 Quin
336 428 430 460 melle
453 438 577 468 semper
603 430 725 462 dulcior
909 431 933 463 O
959 439 1050 470 quam
1075 430 1174 462 bonus
1199 429 1429 471 quaerentibus,

230 474 322 507 Jesus
347 474 382 507 fit
405 476 439 507 in
461 477 651 515 praesentia.
906 476 1022 509 Verum
1047 477 1122 517 quitl
1147 476 1399 516 adsequentibus.

172 532 203 563 2.
230 530 284 562 Nil
308 530 415 571 lingua
439 532 563 572 profert
586 534 735 573 sanctius,
849 534 881 567 4.
906 532 1002 565 Nulla
1025 533 1164 572 explicat
1188 531 1346 573 facundia,

232 577 285 609 Nil
311 579 396 609 auris
422 579 511 611 audit
536 580 664 619 gratius,
905 579 1018 611 Nullus
1044 580 1206 612 character
1230 579 1385 619 exprimit,

229 624 285 656 Nil
309 626 426 665 cogitat
449 635 536 658 mens
562 627 693 666 dulcius,
903 627 1063 666 Expertus
1089 629 1190 658 autem
1218 626 1361 658 concinet

231 670 285 703 Nil
311 680 365 703 cor
388 675 474 705 amat
497 673 720 712 praestantius.
907 674 1016 705 Jesum
1040 673 1171 706 colentis
1195 673 1319 713 gaudia.

615 731 645 763 5.
671 730 756 769 Jesu,
783 730 842 761 tibi
866 730 908 761 sit
931 729 1040 769 gloria.

248 791 369 827 Antiph.
391 801 443 820 ms.
462 792 615 830 Augustin.
639 802 714 821 saec.
737 792 780 822 16.
802 793 870 822 Cod.
890 794 1051 821 Praedieat.
1074 793 1278 821 Salmanticen.
1299 801 1321 820 s.
1342 802 1369 820 n.

585 921 627 953 10.
667 921 710 954 De
728 922 813 963 Fuga
832 923 865 954 in
880 923 1061 963 Aegyptum.

659 989 708 1018 Ad
728 989 816 1027 Vesp.
838 993 875 1020 et.
895 989 979 1020 Noct.

442 1057 471 1089 1.
500 1057 650 1090 Concinat
674 1060 781 1090 noster
806 1058 917 1090 chorus
942 1058 1001 1090 hoc
1024 1058 1056 1088 in
1082 1066 1158 1090 aevo

497 1104 606 1146 Gesta,
631 1114 710 1145 quae
735 1105 879 1138 Christus
903 1113 982 1145 puer
1006 1104 1105 1136 almus
1131 1105 1203 1143 egit,

494 1151 574 1182 Dum
600 1153 680 1191 petit
703 1154 805 1183 mater
829 1152 1000 1184 Nazarethi
1027 1151 1149 1183 domum

540 1198 720 1231 Purificata.

438 1273 467 1304 2.
495 1273 598 1305 Noctu
626 1276 658 1304 et
680 1273 714 1305 in
739 1273 856 1305 somnis
881 1273 1018 1312 Josepho
1043 1272 1200 1312 praedicit

493 1321 631 1352 Nuntius
657 1320 740 1352 celso
765 1320 892 1352 veniens
919 1320 1062 1359 Olympo,

494 1367 595 1399 Puero
621 1367 689 1399 Deo
715 1366 897 1406 fugiendum
922 1376 1000 1408 esse,

541 1414 630 1446 Mors
656 1415 739 1446 enim
763 1414 870 1446 instat.

436 1490 466 1523 3,
491 1489 621 1531 Accipe,
650 1489 739 1530 dixit,
764 1498 898 1529 puerum
922 1492 1125 1530 matremque,

494 1536 608 1569 Sancte
633 1537 777 1576 nutritor,
805 1537 961 1577 celerique
986 1546 1078 1569 cursu

495 1583 585 1623 Fuge
609 1583 773 1624 Judaeam,
800 1583 945 1616 deferens
969 1585 1126 1616 alumnam

539 1632 633 1663 Petas
658 1631 846 1671 Aegyptum.

435 1707 467 1739 4.
495 1707 624 1745 Quaerit
646 1705 802 1746 Herodes,
827 1706 964 1738 tumidus
989 1709 1152 1746 tyrannus,

496 1752 634 1793 Virginis
660 1756 767 1785 natum
791 1753 947 1784 hominem
972 1752 1134 1793 Deumque

495 1798 597 1832 Ferro
619 1802 768 1839 mactare,
795 1799 877 1840 fuge,
903 1809 943 1831 ne
967 1801 1111 1838 moreris,

539 1847 682 1887 Expedit
706 1847 798 1880 enim.

436 1925 467 1957 5.
495 1924 594 1963 Virgo
618 1925 692 1962 post
715 1924 851 1962 partum,
877 1921 1024 1953 exsulans
1048 1921 1164 1966 puella,

494 1972 544 2004 Da
569 1973 655 2003 tuum
681 1972 796 2007 natum,
825 1969 929 2000 miseri
953 1977 1128 2012 precamur,

495 2018 631 2051 Claudat
654 2020 690 2050 ut
711 2017 811 2049 tristis
836 2015 934 2048 Erebi
959 2024 1108 2049 cavernas

543 2066 590 2097 Te
615 2066 705 2104 duce,
733 2064 832 2104 virgo.

435 2144 467 2176 6.
493 2144 639 2175 Praestet
658 2142 720 2174 hoc
743 2140 834 2173 nobis
861 2139 962 2172 deitas
985 2139 1079 2172 beata

495 2190 601 2223 Patris
626 2198 665 2221 ac
688 2189 753 2220 nati
779 2187 962 2227 pariterque
986 2188 1087 2219 sancti

496 2237 643 2278 Spiritus,
672 2237 759 2276 cujus
784 2234 896 2267 reboat
916 2234 950 2266 in
975 2234 1058 2266 omni

546 2284 657 2317 Gloria
677 2283 805 2316 mundo.

248 2355 333 2381 Brev.
354 2351 535 2388 Segoviense
554 2350 624 2385 imp.
644 2347 813 2377 Vallisoleti
835 2344 917 2374 1527.
