1651 2518
678 110 930 145 -251—

599 220 665 252 437.
695 220 737 252 Dc
757 222 862 252 sancto
883 219 1005 251 Severo.

707 295 754 325 Ad
774 295 900 325 Laudes.

157 374 186 407 1.
213 372 322 405 Severi
352 374 453 406 sancti
478 374 591 406 merita

213 419 306 451 Nunc
329 430 500 461 pangamus
527 421 717 460 solemniter,

213 467 258 500 Ut
282 468 347 507 ejus
371 467 438 500 vita
462 468 572 499 inclita

215 514 364 546 Nostram
390 514 542 547 reformet
560 515 686 555 jugiter.

158 573 187 604 2.
211 570 274 602 Hic
298 570 433 603 fructum
458 572 678 603 continentium

215 617 291 650 Cum
320 627 419 651 uxore
442 619 635 651 nanciscitur

212 665 257 696 Et
280 666 326 697 sic
352 665 392 697 ad
418 666 628 698 sacerdotium

213 712 403 753 conjugatus
430 713 624 753 provehitur.

832 377 864 408 3.
890 373 1106 406 Pontificalem
1128 373 1261 406 infulam

891 421 996 453 clavis
1020 421 1144 454 ornavit
1167 420 1290 458 ferreis,

891 468 1016 501 Christo
1041 466 1146 500 ferens
1171 469 1253 500 hanc
1276 468 1450 508 plantulam

892 515 980 547 Rivis
1005 517 1134 547 tinctam
1160 515 1338 556 purpureis.

858 600 865 606 .
892 571 986 603 Hunc
1012 581 1085 612 ergo
1105 577 1245 604 nostrum
1263 572 1449 612 praesulem,

894 618 999 651 Civem
1026 622 1057 650 et
1080 622 1202 659 patrem
1227 619 1369 651 inclitum

893 666 1086 698 venerantes
1111 675 1148 698 ac
1173 667 1341 707 consulem,

893 712 1022 745 Festum
1048 714 1184 745 colamus
1211 713 1360 748 debitum.

547 771 577 803 5.
606 769 654 801 Sit
676 770 755 810 laus,
783 770 882 802 virtus
907 772 939 801 et
961 770 1062 810 gloria

603 817 739 857 Christo,
765 818 832 858 regi
857 817 1021 859 altissimo,

604 864 662 902 Qui
689 865 743 896 dat
766 873 862 904 regna
888 864 1035 896 coelestia

602 910 718 943 Severo
742 911 958 944 invictissimo.

226 973 311 1001 Brev.
338 983 392 1002 ms.
413 975 629 1002 Barcinonense
652 983 727 1003 8666.
753 973 798 1003 15.
818 975 887 1003 006.
907 975 1003 1011 Capit.
1022 976 1124 1003 vicen.
1147 975 1221 1003 CIX.
1242 976 1276 1002 A.
1303 991 1336 994 —-
1365 976 1452 1002 Brev.

151 1011 367 1040 Barcinonense
386 1013 454 1048 imp.
475 1013 656 1040 Barcinonae
678 1011 759 1042 1540.
779 1014 812 1041 B.

581 1132 650 1163 438.
691 1133 731 1164 De
751 1134 857 1164 saneto
877 1132 1001 1164 Severo.

681 1210 715 1238 In
734 1208 760 1237 2.
779 1209 926 1247 Vesperis.

158 1288 189 1319 1.
216 1285 305 1329 Jesu‚
331 1287 426 1319 decus
450 1287 619 1326 illibatum,

263 1332 386 1374 fulgens
412 1334 445 1365 in
469 1334 672 1374 martyribus,

215 1380 311 1418 Quem
336 1381 495 1421 sequendo
520 1382 711 1413 immolatum

261 1427 395 1460 Severus
420 1437 478 1467 pro
503 1428 622 1461 viribus

214 1473 303 1505 Tulit
326 1475 435 1507 mortis
461 1476 632 1507 cruciatum

266 1520 442 1553 Confractis
468 1521 651 1554 cervicibus.

157 1579 189 1610 2.
215 1577 261 1608 Tc
287 1577 420 1610 Severus
444 1578 569 1609 imitare

266 1625 450 1656 Possetenus
474 1625 583 1663 voluit,

216 1671 304 1709 Quod
332 1673 449 1712 deerat,
476 1671 626 1703 aemulari

263 1718 408 1751 Gestiens
433 1727 495 1750 non
521 1719 633 1759 renuit,

216 1765 269 1797 Sic
293 1775 389 1798 saeva
414 1766 596 1806 exasperari

262 1813 307 1845 Et
330 1821 446 1854 augere
470 1813 593 1845 meruit.

157 1873 189 1904 3.
216 1869 321 1902 clavis
346 1869 447 1902 tribus
471 1868 629 1909 perforari

260 1917 396 1949 Voluisti
420 1917 531 1957 libere,

213 1964 277 1998 Hic
302 1973 341 1996 ex
365 1964 466 1997 tribus
492 1964 636 1997 coronari

262 2013 465 2045 Promeretur
489 2020 611 2052 aspere,

213 2059 304 2093 Serto
329 2059 410 2092 fixus
437 2059 583 2092 circulari

260 2108 344 2140 Miro
370 2106 472 2140 fossus
497 2115 602 2147 opere.

833 1289 866 1321 4.
891 1288 1020 1320 Iunctus
1043 1286 1102 1318 tibi
1126 1286 1316 1319 ministravit

939 1334 1029 1365 Tunc
1054 1342 1169 1365 corona
1193 1333 1312 1372 spinea,

892 1380 985 1412 Incus
1006 1381 1079 1412 huic
1102 1380 1306 1420 praeparavit

938 1429 1015 1461 Cum
1039 1428 1153 1459 malleo
1178 1427 1291 1469 ferreo,

891 1474 1000 1506 Cutem
1024 1483 1111 1506 suam
1134 1474 1313 1514 penetravit

936 1522 1026 1553 Haec
1051 1521 1172 1553 cerebri
1196 1521 1297 1560 galea.

856 1603 863 1610 .
891 1578 961 1610 Tua
984 1579 1126 1610 lacerant
1151 1580 1291 1609 extrema

939 1624 1029 1656 Clavi
1053 1624 1171 1663 absque
1195 1625 1334 1666 cuspide,

889 1671 990 1711 Hujus
1015 1671 1176 1703 trucidant
1199 1679 1345 1710 suprema

939 1718 1151 1759 Conquassata
1177 1718 1308 1757 casside,

891 1765 984 1797 Unde
1008 1764 1104 1797 habet
1129 1765 1274 1797 diadema

937 1812 1014 1844 Cum
1039 1812 1166 1844 coelesti
1192 1812 1367 1853 chlamyde.

856 1895 863 1903 .
889 1868 962 1900 Tibi
987 1877 1069 1910 ergo,
1095 1868 1171 1900 Jesu
1196 1868 1330 1909 Christe,

936 1916 1047 1948 Honor
1069 1916 1111 1947 sit
1135 1919 1166 1948 et
1189 1916 1299 1957 gloria,

892 1963 989 2002 Quem
1015 1963 1173 1996 collaudat
1196 1967 1317 2003 martyr
1341 1965 1401 1996 iste

938 2011 975 2043 In
1000 2019 1137 2051 superna
1162 2011 1257 2051 curia,

890 2058 953 2089 Hic
972 2058 1077 2090 hostes
1103 2060 1135 2089 et
1158 2067 1248 2090 omne
1270 2059 1360 2090 triste

935 2106 1039 2138 Pellat
1062 2105 1101 2137 ab
1126 2106 1187 2137 hac
1209 2106 1323 2145 patria.

230 2174 314 2202 BreV.
342 2182 395 2200 ms.
415 2173 631 2200 Barcinonense
656 2179 731 2199 saec.
758 2169 801 2198 15.
823 2170 891 2199 Cod.
914 2171 1006 2207 Capit.
1026 2170 1127 2199 Vicen.
1149 2170 1222 2199 CIX·
1242 2171 1276 2198 A.
1365 2172 1449 2200 Biuv.

155 2212 371 2239 Bareinonense
397 2212 466 2247 imp.
486 2211 670 2238 Barcinonae
700 2207 781 2237 1540.
801 2210 834 2237 B.
862 2223 895 2229 ——
923 2207 950 2243 3,
979 2208 996 2237 5
1018 2209 1101 2237 Certo
1121 2208 1180 2236 fixu
1200 2208 1234 2236 A.
1255 2222 1290 2228 ——
1311 2209 1366 2238 Str.
1387 2210 1413 2245 3,
1433 2209 1452 2238 4

153 2250 212 2277 und
232 2248 249 2277 5
269 2250 369 2277 lauten
384 2250 415 2277 in
434 2249 485 2276 der
503 2248 667 2277 Korrektur
685 2256 743 2276 von
762 2248 801 2275 B:

380 2293 406 2325 3.
429 2296 527 2325 Clavis
547 2297 640 2324 tribus
660 2295 802 2331 perforari
837 2295 965 2330 Elegisti
984 2303 1093 2329 aspere,

427 2336 516 2363 Hunc
535 2336 564 2363 et
583 2335 665 2362 clavo
687 2334 832 2362 cruentari
870 2332 999 2360 Voluisti
1017 2333 1117 2367 libere,

429 2373 479 2402 Sic
499 2376 543 2401 est
562 2373 666 2409 dignus
687 2372 824 2400 collacari
864 2371 936 2400 Cum
956 2372 1064 2399 sanctis
1084 2373 1116 2399 in
1135 2373 1258 2399 aethere.
