1651 2518
754 102 1004 133 -202-

642 191 708 222 350.
747 191 791 221 De
810 193 922 221 sancta
939 189 1100 221 Leucadia.

737 256 785 285 Ad
803 256 992 286 Nocturnum.

232 328 261 360 1.
290 325 445 358 Leocadia
469 326 562 358 laude
588 326 691 365 digna,
904 325 936 356 4.
961 323 1032 356 Hac
1055 323 1172 355 suffusa
1195 323 1369 355 acerbitate

288 373 383 413 Virgo
410 373 487 404 civis
510 372 598 404 urbis
622 375 758 411 nostrae,
961 371 1076 402 Pressa
1100 370 1235 402 carceris
1260 370 1391 402 horrore

288 419 412 459 Martyr
436 423 554 458 sancta,
583 428 673 458 quam
701 418 807 449 divina
966 417 1117 449 Constans
1142 417 1229 456 virgo
1253 417 1286 448 in
1312 417 1443 448 caritate

289 466 396 498 Virtus
420 466 500 497 texit
524 466 555 497 in
582 474 689 505 agone.
959 464 1036 503 Egit
1059 464 1194 495 animam
1218 472 1370 496 moerore.

234 524 266 555 2.
291 521 421 561 Refove‚
446 530 569 561 precor,
594 519 704 552 favore
904 521 936 552 5.
962 519 1121 552 Christum
1145 527 1203 558 per
1225 521 1360 552 mortem
1382 522 1492 552 secuto.

290 568 390 599 Tuum
413 569 518 599 natale
544 568 690 607 colentes,
961 565 1066 598 Minas
1089 569 1203 608 truces,
1233 574 1340 598 carcer
1365 566 1476 598 durum

290 616 369 654 Quos
393 615 425 646 in
450 615 602 646 scelerum
629 614 737 645 dolore
961 612 1067 644 Minus
1091 613 1214 645 horruit
1238 621 1330 653 quam
1353 614 1476 652 polluta

289 661 372 692 Vere
394 662 532 701 poenitet
559 663 724 700 gementes.
959 659 1042 691 Fide
1065 659 1163 699 pollui
1189 663 1426 693 sacramentum.

231 719 262 750 3.
290 718 382 748 Velut
406 717 506 748 lilium
530 718 563 748 in
586 717 717 755 pudore,
903 717 933 748 6.
962 715 1085 747 Laudes
1111 717 1238 747 sanctae
1263 715 1397 747 trinitati

292 764 363 795 Vita
385 763 469 794 mitis
495 767 526 794 et
550 763 701 803 modesta,
962 762 1073 802 Corde,
1099 770 1176 794 voce
1199 762 1371 801 psallimus,

290 811 385 850 Virgo
410 813 534 841 mortua
558 812 605 840 est
629 818 771 841 moerore
963 809 1057 847 Cujus
1081 810 1136 840 uui
1160 809 1318 848 maJ'estati

292 856 397 888 Morte
420 859 593 896 martyrum
615 857 754 887 molesta.
964 856 1046 886 Vota
1069 859 1177 887 nostra
1201 856 1372 887 reddimus.

306 921 388 947 Brev.
408 920 578 947 Tcletanum
605 921 672 956 imp.
693 919 812 955 Hispali
840 916 920 947 1493.
958 919 1109 947 Ver-fasser
1131 921 1171 946 ist
1190 919 1353 954 Alphonsus
1374 919 1461 947 Ortiz.
1483 935 1518 938 —

230 956 257 991 2,
277 955 294 983 2
314 958 480 985 recolentes.
501 973 537 977 —
558 955 584 991 2,
604 955 622 984 3
642 959 673 984 in
692 965 829 984 moerore.

621 1047 681 1078 351.
720 1047 763 1077 De
783 1047 888 1078 sancto
908 1046 1097 1077 Leonhardo.

719 1113 764 1142 Ad
782 1113 871 1151 Vesp.
892 1116 923 1142 et
939 1113 1033 1143 Laud.

235 1183 265 1215 1.
291 1181 409 1224 Gaude,
436 1184 537 1213 mater
562 1181 703 1219 ecclesia,
902 1183 934 1213 4.
961 1181 1120 1220 Despecta
1144 1182 1226 1221 regis
1252 1182 1337 1214 curia

289 1228 360 1260 Hoc
388 1228 506 1260 celebri
530 1228 689 1269 solemnio,
961 1228 1001 1259 Se
1025 1229 1160 1260 tradidit.
1184 1229 1303 1269 exsilio,

289 1275 354 1314 Quo
381 1276 547 1307 decoratur
571 1274 671 1313 gloria
961 1275 1086 1306 Deserti
1111 1277 1221 1314 petens
1248 1275 1349 1316 devia,

291 1322 421 1353 Athleta
447 1321 524 1352 coeli
549 1321 636 1354 solio.
962 1322 1025 1352 Vili
1051 1322 1174 1354 clausus
1199 1322 1333 1362 tuguriO.

231 1380 260 1410 2.
287 1375 491 1409 Leonhardus
518 1377 657 1408 convicia
904 1379 934 1409 5.
959 1376 1116 1408 Praebent
1142 1376 1230 1409 ferae
1254 1378 1369 1410 solatia

290 1423 403 1455 Fretus
428 1423 489 1454 Dei
513 1423 628 1454 auxilio
964 1424 1037 1456 Cum
1062 1424 1159 1455 animi
1184 1425 1339 1456 consortio

290 1470 457 1509 Superavit
480 1470 620 1508 potentia
961 1470 1147 1503 Leonhardo
1175 1472 1321 1503 coelestia

290 1517 376 1548 Bene
400 1526 540 1556 pugnans
564 1516 597 1546 in
620 1517 732 1548 stadio.
961 1517 1152 1555 Deposccnti
1173 1518 1302 1557 jejunio.

239 1575 268 1606 3.
296 1573 389 1604 Ortus
415 1572 454 1603 de
478 1573 577 1612 stirpe
600 1574 686 1612 regia
908 1576 939 1606 6.
965 1573 1116 1605 Laetatur
1141 1581 1269 1606 consors
1294 1575 1379 1614 regia

287 1619 471 1659 Baptizatur
495 1618 645 1661 Remigio,
965 1621 1078 1652 Partus
1102 1623 1228 1659 recepto
1253 1622 1377 1661 gaudio,

287 1667 344 1705 Qui
370 1667 514 1698 Remensi
539 1666 670 1697 ecclesia
965 1666 1085 1698 Gaudet
1112 1670 1237 1699 sauctus
1262 1668 1304 1700 ad
1328 1669 1436 1700 munia

290 1713 411 1752 Agebat
436 1712 606 1751 pontificio.
962 1713 1139 1746 Distributo
1164 1715 1297 1752 peculio.

622 1769 652 1800 ’7.
678 1768 727 1800 Sit
749 1769 884 1801 trinitati
907 1769 1017 1810 gloria,

680 1815 747 1847 Deo
773 1817 857 1855 patri
883 1818 914 1847 et
936 1815 1011 1858 filio,

678 1863 773 1903 Laus,
798 1863 897 1894 honor
921 1867 950 1894 ct
977 1864 1109 1895 victom'a

679 1910 756 1942 Cum
780 1911 893 1949 spiritu
918 1910 1084 1949 paraclito.

308 1974 390 2000 Brev.
411 1981 462 2000 ms.
481 1973 652 2001 Toletanum
673 1981 747 2001 saec.
770 1972 813 2000 14.
836 1974 903 2001 Cod.
923 1975 1068 2001 Matr-iteri.
1089 1976 1132 2002 Ff.
1154 1974 1215 2002 147.
1236 1992 1272 1996 —
1292 1973 1319 2009 3Ἆ
1342 1973 1359 2003 3
1380 1977 1519 2003 Rementi.

233 2025 269 2030 -—
290 2007 315 2041 3,
336 2009 356 2037 4
374 2010 526 2046 pontificis.
546 2024 585 2030 -——-
604 2010 629 2045 5,
651 2008 669 2038 3
688 2011 886 2038 Leonhardus.
906 2026 943 2030 —
962 2011 989 2045 7,
1009 2009 1027 2038 :3
1047 2012 1139 2040 honor
1158 2014 1306 2041 invictam.

646 2102 710 2133 352.
744 2102 786 2133 De
805 2104 909 2133 sancto
932 2102 1121 2134 Leonhardo.

747 2169 794 2198 Ad
813 2169 1001 2199 Nocturnum.

236 2236 262 2267 1.
288 2235 434 2268 Exsultet
461 2237 537 2267 coeli
565 2238 660 2276 curia,
904 2239 934 2269 2.
962 2238 1175 2280 Leonhardus‚
1202 2247 1261 2277 par
1283 2240 1403 2278 angelis

291 2281 423 2322 Clangat
448 2286 552 2315 coetus
576 2286 783 2325 terrestrium,
964 2284 1114 2324 Pur-itate,
1141 2287 1326 2325 constantia,

289 2329 450 2361 Adoretur
472 2339 541 2361 cum
565 2330 664 2369 gloria
965 2331 1111 2364 obtineat
1136 2341 1193 2372 pro
1217 2333 1350 2365 servulis

292 2374 496 2408 Conditor
527 2378 632 2409 alme
654 2379 847 2412 siderum.
963 2379 1093 2410 Beata
1115 2379 1237 2411 nobis
1262 2381 1422 2420 gaudia.
