1651 2518
718 93 971 128 „216—

580 193 643 225 379.
683 193 725 224 De
745 200 769 223 s.
790 192 889 225 Maria
906 192 1099 233 Magdalena.

679 269 727 298 Ad
747 269 836 307 Vesp.
857 272 893 299 et
913 268 998 299 Noct.

204 348 232 379 1.
258 346 296 378 In
322 346 412 377 domo
437 348 554 386 quippe
578 346 712 378 Simonis
871 348 901 379 3.
929 346 1050 378 Dehinc
1072 347 1202 387 pudoris
1228 348 1352 379 conscia

261 392 337 425 Cum
363 396 444 425 esset
469 402 537 425 cum
563 393 737 435 discipulis,
930 393 1084 426 Curvatur
1108 395 1148 425 ad
1174 394 1314 434 vestigia,

256 439 361 471 Maria
385 441 518 479 supplex
542 440 677 475 humilis,
927 440 1043 472 Flebat
1065 441 1198 480 supplex
1222 441 1361 481 uberius,

258 485 394 518 Famosa
417 487 570 526 quaedam
592 487 752 526 meretrix,
930 486 1098 527 Suspiraus
1123 489 1218 520 corde
1241 488 1379 529 gravius,

262 533 454 571 Compuncta
477 533 572 565 verbo
596 533 721 565 Domini
931 533 992 565 Pro
1017 534 1147 573 speciali
1171 535 1267 566 linteo

259 579 375 610 Locum
399 580 523 618 quaerit
545 580 686 612 remedii.
932 579 1071 612 Servivit
1094 581 1257 619 capillitio,

203 637 232 669 2,
258 636 403 666 Accessit
426 637 592 668 temeraiia
872 638 904 669 4.
930 636 1025 677 Laus,
1051 636 1150 668 honor
1173 636 1241 678 tibi,
1264 637 1407 680 Domine,

261 681 337 713 Cum
364 682 474 713 veniae
497 681 622 724 fiducia,
931 682 1039 723 Sitque
1064 684 1210 723 perennis
1234 684 1343 723 gloria,

258 728 360 759 Nardi
385 728 498 768 spicati
522 729 680 768 specimen
929 730 1048 769 Agnus,
1075 730 1127 770 qui
1153 733 1265 762 cuncta
1288 731 1402 762 tollere

255 774 376 806 Effudit
400 784 495 814 super
519 776 677 814 verticem,
932 776 1049 808 Venisti
1074 777 1182 808 mundi
1208 777 1347 817 crimina,

257 821 388 852 Testans
414 830 451 852 ex
476 823 537 853 imo
563 823 701 861 pectoris
930 824 1006 856 Cum
1029 828 1122 862 patre
1144 827 1174 855 et
1198 827 1306 855 sancto
1332 824 1445 863 spiritu

256 867 411 899 Affectum
434 869 654 907 poenitudinis.
928 871 966 903 In
991 871 1182 909 sempiterna
1204 871 1337 905 saecula.

273 933 357 959 Brev
375 940 429 959 ms
449 932 634 960 Gemndense
653 934 723 960 anni
744 931 825 961 1290.
856 932 925 960 Cod.
946 933 975 961 S.
996 933 1102 961 Felicis
1122 934 1282 961 Gerunden.
1303 943 1326 961 s.
1344 943 1375 961 n.
1394 935 1428 961 A.
1447 948 1484 953 ——

200 971 285 997 Brev.
311 978 354 997 ms
385 971 477 1005 Capit.
499 969 658 997 Geruudcn.
685 967 712 997 1⁴?-
737 979 810 998 saec.
832 969 905 998 1⁴l1r..
926 971 958 999 B.
979 986 1015 990 ——
1034 971 1117 999 Brev.
1137 980 1189 999 ms.
1211 973 1270 1007 Cap
1272 973 1302 999 it..
1324 972 1485 999 Gerunden.

200 1006 226 1034 4.
273 1016 329 1034 ··.e(·
356 1005 536 1034 ¹⁴1n.C.—
557 1009 624 1035 Dies
631 1017 661 1035 er
686 1009 741 1035 wie
760 1008 810 1035 der
829 1008 962 1043 folgende
980 1010 1113 1044 Hymnus
1133 1009 1198 1036 sind
1216 1018 1271 1036 nur
1293 1010 1358 1036 eine
1373 1010 1484 1037 Anzahl

206 1045 348 1080 δτι-01111011
369 1052 420 1072 aus
440 1045 503 1072 dem
524 1045 657 1079 Hymnus
678 1045 713 1071 ad
733 1046 916 1073 mandatum:
937 1046 1022 1074 Dum
1042 1047 1164 1081 pietas
1184 1047 1405 1074 multimoda.
1446 1047 1484 1074 So

205 1081 275 1108 eikl
270 1083 314 1108 ut
333 1082 394 1109 sich
415 1081 465 1109 der
484 1086 566 1109 sonst
583 1083 642 1110 rats
645 1082 749 1110 elhafte
767 1084 882 1119 Anfang
901 1085 953 1111 mit
973 1086 1088 1120 quippe.

584 1209 650 1241 380.
688 1211 732 1241 De
751 1219 775 1242 s.
790 1211 890 1242 Maria
908 1211 1099 1251 magdalena„

749 1286 797 1315 Ad
814 1286 940 1317 Laudes.

205 1364 235 1397 1.
262 1363 285 1395 O
312 1362 390 1394 felix
414 1363 470 1394 illa
494 1364 653 1404 meretrix,
869 1366 900 1397 2.
926 1366 1058 1405 Adesto,
1085 1366 1219 1405 Christe,
1242 1367 1376 1404 miseris,

260 1410 284 1441 O
310 1410 413 1441 audax
439 1418 492 1442 cor
515 1411 664 1451 mulieris,
928 1412 1010 1450 Quos
1035 1415 1146 1452 gravat
1167 1414 1291 1452 pondus
1314 1414 1452 1453 sceleris,

256 1457 441 1488 Incendium
464 1457 605 1489 libidinis
928 1458 989 1490 Per
1012 1458 1089 1491 fidei
1113 1460 1246 1500 vestigia

258 1503 343 1541 Quae
366 1503 513 1535 restinxit
537 1512 605 1535 cum
630 1504 766 1536 lacrimis
929 1506 1101 1545 sequamur
1126 1509 1157 1537 te
1180 1507 1211 1538 in
1238 1507 1352 1548 patria,

260 1551 380 1582 Vulnus
403 1551 561 1582 occultum
582 1551 719 1591 pectoris
931 1552 1029 1589 Quam
1052 1552 1225 1591 promisisti
1248 1554 1391 1586 omnibus

260 1596 352 1628 Crine
378 1597 507 1629 detersit
535 1598 656 1637 capitis.
929 1598 976 1630 Te
1000 1608 1075 1631 vere
1100 1599 1309 1639 diligentibus.

581 1653 731 1693 3-1aus,
757 1655 858 1686 1101101
882 1654 949 1697 tibi,
975 1654 1119 1688 Domine.

272 1717 354 1745 Brev.
381 1726 424 1745 ms
455 1718 483 1744 S.
504 1717 609 1745 Felicis
629 1718 790 1746 Gerunden.
815 1727 839 1745 s.
867 1727 894 1745 11.
922 1720 990 1745 anni
1011 1716 1197 1747 129011.-
1217 1720 1300 1748 Brev.
1321 1730 1373 1749 ms.
1395 1721 1487 1757 Capit.

201 1755 359 1783 Gcimunden
380 1752 585 1782 3.saec.1⁴1⁵
610 1756 641 1782 Β.
661 1756 794 1783 -—BreV.
814 1765 866 1783 ms.
882 1756 975 1792 Capit.
992 1757 1154 1784 Gerunden.
1172 1756 1199 1784 4.
1221 1765 1295 1785 saec.
1316 1758 1389 1787 14“Γ,1.
1406 1759 1435 1787 C.
1452 1774 1486 1779 —-

201 1790 262 1826 1,1
286 1793 338 1820 illa
357 1794 509 1827 peccatrix,
530 1793 690 1821 Korrektur
708 1794 739 1820 in
758 1793 792 1821 Β.

581 1921 639 1953 381.
683 1921 725 1953 De
746 1930 769 1952 s.
789 1922 887 1953 maria
905 1922 1098 1962 Magdalena.

200 2001 230 2033 1.
256 1999 319 2031 Pro
342 1999 472 2038 speciali
495 2000 592 2032 linteo
873 2002 905 2034 3.
930 2001 1011 2033 Nam
1037 2004 1164 2042 quidam
1189 2005 1285 2037 corde
1309 2006 1429 2038 tumido

257 2045 395 2079 Servivit
419 2047 581 2086 capillitio‚
929 2050 1170 2090 improperabat
1193 2052 1336 2093 Domino,

257 2093 346 2124 Inter
370 2102 459 2125 sacra
482 2094 612 2126 conviva
929 2095 964 2127 Si
987 2100 1092 2128 nosset
1114 2098 1166 2129 hic
1188 2100 1340 2139 mysteria

258 2139 328 2171 Non
355 2140 455 2172 defuit
477 2141 608 2173 invidia.
930 2142 1113 2176 Divinitatis
1133 2145 1254 2186 intima,

202 2196 232 2227 2.
259 2196 342 2233 Quae
365 2197 614 2236 protoplaustum
640 2198 763 2237 pepulit
873 2199 906 2230 4.
932 2199 1003 2231 Non
1027 2200 1145 2232 sineret
1167 2203 1375 2241 peccatricem

260 2241 308 2273 De
333 2243 471 2282 paradisi
495 2243 604 2287 gloria,
926 2246 967 2278 Sc
990 2249 1119 2286 tangere
1143 2250 1315 2283 mulierem.

260 2289 353 2328 Cujus
378 2290 500 2330 longum
528 2291 669 2323 exsilium
930 2294 1135 2333 Respondens
1159 2299 1263 2327 autem
1288 2298 1421 2337 provide

259 2334 365 2367 Crucis
391 2337 483 2368 solvit
508 2338 693 2377 patibulum.
930 2341 1073 2373 Rimator
1098 2344 1317 2387 conscientiae,
