1651 2518
691 95 942 129 —275—

179 195 209 226 7.
235 193 356 226 Cuncta
380 191 507 224 vincens
531 190 688 230 supplicia
875 191 905 223 9.
932 190 1098 230 Tyrannus
1121 190 1204 222 hunc
1227 191 1260 222 in
1283 189 1411 222 flumine

230 239 337 271 Armis
361 238 560 279 praecinctus
586 238 708 269 bellicis
932 238 1080 269 Sanctum
1107 237 1245 277 demergi
1269 237 1435 277 praecipit,

230 286 443 318 Transcendit
466 286 507 317 ad
531 284 638 316 felicia
932 284 995 316 Sed
1019 293 1106 316 mare
1130 287 1215 317 retro
1241 285 1368 316 tramite

230 334 306 366 Cum
332 332 461 364 canticis
486 332 646 371 angelicis,
933 331 1053 371 Corpus
1078 332 1118 364 ad
1143 332 1218 363 litus
1243 331 1380 371 projicit.

174 410 204 441 8.
230 408 370 440 Exustus
396 407 624 446 derelinquitur
852 408 903 440 10.
924 407 1057 438 Fideles
1082 417 1153 439 ossa
1177 407 1326 447 colligunt

228 455 436 487 Devorandus
462 464 481 486 a
504 454 624 491 bestiis,
930 454 1046 494 Magno
1071 453 1182 486 referti
1206 454 1329 494 gaudio,

229 501 289 533 Sed
317 502 356 533 ab
382 502 446 532 illis
471 500 653 533 defenditur
932 501 1009 533 Cum
1033 501 1151 533 honore
1175 501 1332 540 sepeliunt

230 548 389 581 Custodiis
414 548 575 588 angelicis,
931 548 1055 588 Ingenti
1078 557 1147 580 cum
1170 547 1320 587 tripudio,

567 614 618 646 11.
644 614 786 653 Praesta,
811 614 905 645 beata
928 613 1065 653 trinitas,

643 661 690 694 Ut
713 661 805 700 hujus
829 660 1061 700 precaminibus

642 707 743 739 Nobis
770 708 862 740 detur
886 707 1057 739 amoenitas

646 755 722 788 Cum
747 755 891 794 supernis
915 754 1100 794 agminibus.

244 820 327 847 Brev.
341 821 503 847 Romanum
523 821 590 855 imp.
614 817 694 847 15**.
710 820 743 847 A.
764 834 801 838 —-—
814 820 933 855 Antiph.
949 819 1015 847 Ord.
1032 819 1267 847 Praedicatorum
1289 823 1357 854 imp.
1380 815 1461 845 1ἐι**.

168 859 201 885 Β.
221 872 257 876 -
280 856 304 892 1,
324 856 344 885 4
362 857 462 885 mundi
480 858 636 885 terroribus
658 858 691 884 B.

540 976 602 1007 481.
641 976 684 1006 De
704 984 727 1006 s.
747 974 907 1006 Vincentio
928 974 1081 1006 Ferrerio.

706 1042 754 1071 Ad
773 1042 929 1079 Vesperas.

174 1113 204 1144 1.
230 1112 326 1143 Alma
350 1120 466 1150 parens
491 1111 634 1150 ecclesia,
844 1112 876 1143 4.
904 1110 1039 1142 Paterno
1065 1108 1187 1150 fulgens
1212 1110 1316 1141 sidere

226 1158 356 1190 Sacrum
380 1158 476 1189 lauda
503 1158 708 1197 Vincentium,
903 1157 1017 1190 Orbem
1041 1157 1155 1188 lustrat
1180 1157 1323 1196 exiguum

226 1206 323 1245 Quem
350 1205 483 1244 protulit
504 1204 652 1236 Valentia
900 1204 944 1236 Et
968 1204 1176 1243 praedicandi
1200 1211 1328 1234 munere

224 1253 427 1285 Praeclarum
450 1252 554 1283 lumen
579 1252 724 1291 gentium.
901 1251 1019 1282 Nomen
1047 1250 1144 1284 refert
1168 1253 1364 1290 perpetuum.

166 1329 197 1361 2.
223 1327 287 1359 Hic
310 1328 394 1359 omni
419 1327 491 1358 labe
517 1327 619 1358 caruit
843 1329 873 1359 5.
901 1326 1051 1358 Coelestis
1075 1327 1163 1367 regni
1187 1327 1350 1358 thesauros

224 1375 336 1408 Cultor
359 1375 444 1405 vitae
468 1374 683 1405 sanctissimae
900 1373 982 1405 Dum
1006 1382 1061 1404 ore
1087 1373 1171 1405 dulci
1193 1377 1352 1413 personat,

223 1421 268 1453 Et
289 1422 433 1452 instituta
458 1420 559 1452 tenuit
899 1420 1061 1452 Hebraeos
1086 1421 1178 1451 simul
1204 1423 1235 1451 et
1258 1420 1387 1452 Mauros

222 1468 396 1508 Religionis
420 1468 568 1507 optimae.
899 1468 938 1499 ln
963 1476 1041 1506 puro
1066 1465 1153 1499 fonte
1176 1471 1316 1499 renovat.

165 1544 197 1576 3.
223 1543 288 1575 Sub
313 1545 424 1574 autore
446 1543 621 1582 Dominico,
841 1544 872 1575 6.
896 1542 981 1574 Hinc
1003 1541 1054 1572 illi
1077 1551 1135 1574 nos
1159 1543 1309 1574 alacriter

221 1591 280 1630 Qui
305 1590 363 1622 toti
388 1590 504 1621 mundo
527 1588 657 1631 profuit,
896 1589 977 1628 Juge
1003 1589 1110 1620 demus
1134 1590 1345 1632 praeconium,

219 1638 255 1670 In
282 1638 350 1668 viro
375 1637 547 1676 apostolico
897 1636 955 1675 Qui
979 1635 1122 1674 possidet
1145 1635 1282 1669 feliciter

219 1684 336 1716 Nostro
362 1692 439 1715 aevo
464 1682 616 1715 refloruit.
895 1683 1055 1714 Aeternae
1080 1683 1163 1714 vitae
1187 1684 1371 1723 praemium.

556 1750 585 1781 7.
612 1749 709 1791 Patri,
735 1750 809 1780 nato
833 1751 862 1779 et
886 1747 1005 1779 flamini

614 1796 661 1828 Sit
685 1796 753 1827 laus
778 1798 810 1827 et
832 1795 1020 1832 benedictio,

613 1843 671 1882 Qui
694 1851 751 1874 nos
775 1844 953 1874 sanctorum
977 1843 1093 1882 agmini

611 1889 784 1922 Adscribat
808 1899 878 1921 cum
900 1889 1077 1923 VincentiO.

232 1958 315 1985 Brev.
337 1958 515 1985 Dertusense
534 1958 603 1992 imp.
623 1956 760 1992 Lugduni
781 1952 863 1982 1547.

530 2076 598 2107 482.
637 2076 681 2107 De
701 2084 725 2106 s.
745 2075 906 2106 Vincentio
927 2075 1080 2107 Ferrerio.

676 2143 723 2172 Ad
742 2142 931 2173 Nocturnum.

155 2214 189 2247 1.
215 2213 352 2246 Laetare
376 2222 470 2253 nunc,
496 2213 606 2253 religio
837 2214 868 2244 2.
893 2212 992 2244 Atras
1017 2221 1156 2246 errorum
1180 2214 1310 2247 nebulas

213 2261 473 2294 Praedicatorum
497 2260 618 2300 inclita,
893 2260 991 2292 Novis
1014 2261 1106 2300 pellit
1129 2261 1303 2302 fulgoribus

213 2308 262 2341 De
287 2318 349 2348 qua
373 2309 453 2341 coeli
479 2308 611 2348 collegio
891 2307 936 2340 Et
957 2309 1102 2341 veritatis
1126 2310 1250 2350 regulas

216 2355 336 2388 Sereni
361 2357 413 2388 lux
440 2359 489 2388 est
513 2356 633 2389 addita.
892 2354 1015 2387 Sanctis
1040 2360 1132 2390 ornat
1155 2358 1312 2398 operibus,

1222 2411 1281 2442 18*
