1651 2518
706 84 751 91 '—
800 78 869 100 ‘dou
917 85 960 90 -

584 160 614 192 5.
640 160 785 192 Praestet
807 162 899 199 pater
922 159 1088 199 ingenitum,

636 205 754 238 Eorum
777 215 834 238 nos
860 206 1014 238 consortio

637 252 715 284 Post
735 252 837 285 nostri
858 252 953 284 finem
976 252 1078 284 exitus

636 299 808 340 Jungamur
831 299 899 330 sine
924 298 1068 331 divortio.

266 363 350 390 Brev.
371 362 496 391 Oscense
522 366 552 391 et
569 364 709 391 Jaeeense
734 364 802 398 imp.
824 360 1071 398 Caesaraugustae
1099 360 1178 390 1505.
1199 377 1234 382 —-
1257 363 1281 397 1,
1301 361 1319 389 2
1338 364 1477 391 imminet.

190 414 225 419 -—
242 399 265 433 1,
286 399 303 427 2
318 403 453 428 convicis.
466 415 501 421 -κ
519 400 542 437 1,
561 400 582 428 4
588 401 716 436 judiciis.
732 415 767 420 —
780 399 806 434 5,
826 397 844 428 3
858 400 930 427 Post
941 399 1020 427 fehlt.
1034 414 1071 419 ——
1084 398 1110 435 5,
1129 399 1149 427 4
1160 400 1245 428 Lies:
1265 402 1316 428 abs
1330 401 1455 428 divortio
1465 401 1479 427 ἱ)

655 508 716 540 491.
754 509 797 540 De
816 507 1008 549 Virginibus.

680 576 715 605 In
738 575 826 613 Vesp.
850 579 879 605 et
897 575 992 605 Laud.

462 644 492 678 1.
515 643 678 684 Virginum
700 644 822 683 palmas
847 652 1030 676 veneremur
1051 644 1149 677 almas

518 691 670 724 consonis
694 691 773 730 odis,
798 691 970 730 praemium
992 692 1135 732 melodis,

517 737 632 770 Alleva
654 738 751 769 moles
775 737 898 780 leviter,
923 742 957 770 ut
981 739 1073 780 soles,

563 784 703 824 Virginis
725 784 842 823 proles.

465 842 498 873 2.
521 840 622 873 Sexus
646 840 781 872 imbellis
808 841 931 873 deditus
954 841 1112 882 procellis,

521 887 623 927 Reges
647 895 686 919 ac
708 889 804 920 duces
827 888 1006 927 superando
1029 891 1134 920 1111088

516 933 598 966 Sunt
621 934 694 966 labe
717 937 837 974 tonsae,
863 934 993 966 coelitus
1017 935 1188 967 absconsae

563 981 633 1013 Hae
656 984 730 1012 tuae
753 989 896 1021 sponsae.

464 1039 495 1070 3.
520 1038 605 1069 Fuso
631 1044 741 1068 cruore
764 1036 852 1076 gravi
877 1045 945 1068 cum
971 1037 1088 1077 dolore,

514 1084 700 1123 Integritate
723 1083 836 1114 mentis
858 1083 1001 1115 illibatae

512 1129 656 1169 Fragiles
680 1128 793 1161 fortem
817 1138 879 1162 non
902 1130 1014 1162 timent
1038 1130 1206 1173 eohortem,

563 1176 658 1209 Unde
680 1185 739 1208 nec
761 1180 902 1208 mortem.

460 1234 490 1265 4.
517 1233 592 1272 Ipse
612 1235 735 1264 reatum
759 1231 986 1264 deformantem
1010 1236 1125 1266 statum

517 1279 636 1311 Ordine
661 1280 732 1311 dele
756 1279 867 1310 celeris
891 1280 1043 1322 medelae,

518 1325 635 1359 Crebro
659 1328 813 1365 proventu
835 1325 958 1365 piorum
983 1330 1133 1359 concentu

564 1372 685 1405 Harum
709 1373 849 1406 obtentu.

460 1430 490 1462 5.
515 1428 595 1468 Regi
616 1436 760 1470 superno,
786 1429 907 1468 pariter
928 1431 1064 1470 aeterno,

517 1474 649 1507 Genitae
671 1475 754 1515 proli
780 1474 963 1515 dominoque
984 1476 1061 1515 poli,

514 1521 643 1554 Rectori
665 1522 725 1553 soli
747 1521 826 1561 Deo,
852 1522 945 1554 chaos
969 1524 1042 1562 atri,

562 1568 672 1600 Gloria
694 1569 789 1608 patri.

262 1634 347 1661 BreV.
372 1642 425 1661 ms.
448 1634 641 1661 Tirasonense
665 1640 741 1660 saec.
765 1631 838 1660 ¹⁴lxs.
862 1633 931 1661 God.
957 1633 1050 1669 Gapiss.
1075 1634 1246 1661 Tirasonen.
1272 1643 1295 1661 s.
1321 1644 1350 1661 n.
1376 1635 1401 1662 A
1435 1650 1472 1656 —

189 1672 272 1699 BreV.
291 1672 484 1699 Τῇ-8801181188
502 1672 570 1706 imp.
590 1671 720 1698 Venetiis
743 1668 823 1698 1497.
843 1671 876 1698 B.

643 1780 712 1812 492.
751 1780 794 1811 De
813 1780 1003 1821 Virginibus.

701 1848 749 1877 Ad
767 1847 956 1878 Nocturnum.

190 1916 222 1947 1.
247 1915 337 1947 Votis
358 1918 542 1954 precantum
563 1916 706 1957 subveni,
860 1918 891 1950 3.
916 1917 964 1949 Te
986 1920 1094 1950 natum
1117 1919 1219 1949 almae
1242 1917 1383 1962 virginis,

247 1962 338 1994 Vires
362 1961 435 1994 fove
460 1963 619 2002 debilium,
915 1964 960 1996 Ut
985 1965 1075 1996 docet
1099 1973 1203 1996 rerum
1225 1965 1335 2007 series,

245 2008 282 2040 In
306 2007 370 2040 fide
393 2010 491 2049 lapsis
515 2010 656 2050 proveni,
916 2010 1094 2051 Sequuntur
1115 2020 1183 2042 cum
1208 2011 1365 2052 laudibus,

246 2054 363 2095 Jesu,
397 2065 551 2088 corona
576 2057 798 2097 virginum.
919 2058 1144 2098 Quocunque
1167 2059 1316 2100 pergiS,
1355 2060 1473 2102 virgi—

1247 2114 1330 2141 nes.

189 2158 221 2189 2.
245 2158 416 2197 virginalis
442 2159 565 2199 collegii
858 2161 889 2194 4.
914 2160 982 2194 Ure
1006 2163 1163 2193 scrutator
1187 2162 1328 2194 cordium

245 2203 320 2235 Dux
341 2213 453 2245 regens
476 2206 563 2237 mille
585 2207 683 2246 milia,
912 2207 979 2239 Nos
1000 2207 1074 2247 igne
1095 2209 1197 2239 sancti
1216 2209 1348 2248 spiritus

245 2250 400 2283 Ducatum
426 2252 466 2284 da
490 2253 652 2292 praesidii,
913 2254 1045 2293 Rejecta
1070 2254 1142 2286 labe
1166 2256 1317 2296 sordium,

245 2296 318 2335 Qui
342 2300 484 2337 pascis
508 2300 619 2331 inter
642 2300 750 2333 lilia.
911 2301 965 2333 Te
998 2301 1273 2341 deprecamur
1296 2304 1470 2345 largius.
