1651 2518
705 108 955 143 —209—

452 203 484 236 6.
511 204 582 236 Jam
606 206 692 235 tuum
716 212 830 236 nomen
854 204 975 235 varium
998 212 1056 243 per
1080 202 1189 234 orbem

510 250 584 282 Rite
607 249 743 290 professi
768 253 957 283 venerantur
981 258 1096 291 omnes,

510 296 591 328 Vota
613 307 696 329 nunc
721 298 856 329 clemens
880 298 999 336 pietate
1022 296 1122 328 multa

557 344 693 384 Respice
716 347 833 376 nostra.

454 410 483 442 7.
509 409 593 441 Laus
617 410 702 449 pat1i
726 419 844 441 summo
869 410 1035 449 genitoque
1060 417 1194 449 semper,

508 456 647 488 Flamini
672 466 761 488 sacro
786 457 877 488 simul
902 460 934 488 et
952 459 1103 499 potestas,

508 503 566 542 Qui
591 503 676 535 Deus
701 504 834 543 simplex
861 503 979 535 ditione
1004 504 1088 535 solus

556 551 674 583 Cuncta
698 550 861 591 gubernat.

256 613 336 640 Brev.
357 613 544 641 Valentinum
570 615 637 650 imp.
658 615 781 650 Neapoli
804 612 884 642 1489.
904 614 938 641 A.
959 629 995 633 —-
1015 615 1098 642 Brev.
1119 614 1307 642 Valentinum
1328 616 1396 651 imp.
1412 616 1471 643 Va-

177 649 284 677 lentiae
310 647 389 678 1533.
409 652 441 678 B.

597 750 679 784 3633.
699 752 741 782 Dc
761 752 866 783 sancto
890 751 1050 784 Ludovico.

727 819 775 848 Ad
793 819 919 849 Laudes.

449 888 478 920 1.
504 887 661 919 Auroram
686 896 829 920 remeans
851 887 965 920 lucifer
990 889 1105 927 attulit,

505 933 627 966 Cedunt
650 938 686 966 ut
709 935 859 967 tenebrae
884 936 1020 975 desuper
1044 935 1173 977 eminus

505 980 602 1013 Sacro
626 981 769 1021 pontifici
792 983 935 1022 praemia
959 983 1093 1022 grandia

552 1029 727 1069 Pangamus
754 1030 829 1062 data
854 1030 993 1061 coelitus

444 1095 474 1126 2.
502 1094 613 1125 Insons
638 1094 806 1127 Tanareos
831 1104 892 1127 non
918 1095 1005 1127 videt
1028 1094 1141 1134 impios

501 1141 593 1180 Ignes
619 1143 673 1172 aut
697 1141 838 1182 Stygiam
862 1151 924 1174 non
948 1141 1162 1179 remeabilem,

499 1188 579 1219 Orco
612 1189 780 1228 praecipiti
805 1198 867 1221 non
891 1189 956 1221 init
979 1188 1109 1221 horrido

546 1234 610 1265 Hic
633 1237 757 1274 praesul
785 1245 875 1268 sacer
898 1237 1036 1270 melitus.

442 1301 471 1333 3.
499 1299 624 1332 Summo
650 1302 705 1333 sed
732 1300 848 1333 fruitur
872 1302 999 1333 numine
1023 1301 1177 1342 perpetim

496 1347 643 1387 Regnans
668 1348 800 1380 sidereis
825 1357 947 1388 semper
971 1349 1004 1380 in
1029 1347 1162 1387 arcibus.

499 1394 598 1426 Sedes
623 1396 785 1427 aethereas
810 1396 923 1427 laetior
945 1396 1065 1428 obfinet

545 1441 730 1474 Saictoium
755 1443 833 1474 situs
858 1444 991 1483 agmine.

439 1507 471 1538 4.
497 1508 636 1539 Aeterno
662 1509 790 1548 speculo
814 1512 987 1548 canctaque
1012 1507 1173 1549 conspicit,

499 1553 600 1586 Nem‘o
627 1555 666 1586 de
690 1556 813 1599 ‘superis
839 1556 953 1596 gaudia
978 1555 1152 1593 subtrahet,

502 1599 602 1632 Sertis
628 1604 659 1632 et
682 1602 782 1634 niveis
805 1605 947 1642 tempora
972 1603 1106 1643 c'ugitur

548 1647 672 1680 Felices
697 1652 866 1688 penetrans
893 1650 1012 1683 choras

443 1713 474 1745 5.
503 1712 598 1752 Cuius
622 1714 792 1745 nobi'itant
816 1724 887 1746 ossa
912 1715 1097 1753 Valentiam,

499 1760 567 1799 Qua
591 1769 704 1800 corpus
729 1762 879 1793 tummulo
905 1762 1050 1794 conditur
1074 1770 1178 1801 aureo,

501 1807 578 1838 Cum
603 1816 718 1848 pompa
743 1809 884 1848 sequitur
908 1809 1002 1841 turba
1026 1809 1203 1841 canentium

544 1854 657 1886 Festos
684 1856 905 1888 concelebrans
932 1856 1008 1889 dies.

440 1921 471 1953 6.
498 1920 630 1953 Oramus
656 1920 766 1953 famuli
791 1925 832 1964 te,
859 1924 939 1956 bone
963 1921 1117 1962 pontifex,

498 1967 552 2007 Ut,
580 1977 649 2000 cum
673 1972 746 2009 post
766 1970 870 2001 adeiit
893 1973 978 2002 mela
1001 1969 1180 2009 novissima,

498 2015 592 2048 Coelo
618 2016 771 2056 suscipiat
794 2026 850 2049 nos
874 2017 945 2057 pius
970 2018 1100 2054 arbiter,

541 2063 629 2095 Dans
653 2064 743 2096 nobis
769 2073 826 2096 sua
849 2073 989 2099 munera.

438 2132 468 2163 7.
495 2129 620 2162 Laudes
644 2130 783 2171 ingenito
810 2132 947 2163 carmine
972 2131 1108 2172 supplici

492 2177 581 2209 Patri
607 2187 674 2210 cum
700 2178 804 2219 genito
829 2181 957 2220 guttura
981 2181 1179 2220 concrepent,

495 2224 591 2257 Sacro
616 2226 744 2266 spiritui
767 2227 888 2258 residet
910 2226 1020 2259 unicus

541 2272 631 2306 Celso
657 2274 709 2314 qui
733 2274 812 2306 solio
835 2273 932 2308 Deus,

239 2338 320 2364 Brev.
341 2338 530 2366 Valentinum
548 2341 618 2376 imp.
639 2340 766 2376 Neapoli
787 2338 869 2368 1489.
889 2340 923 2368 A.
946 2356 980 2360 —
1001 2341 1084 2368 BreV.
1105 2340 1293 2369 Valentinum
1312 2342 1381 2378 imp.
1402 2344 1459 2371 Va-

159 2376 267 2404 lentiae
288 2373 369 2403 1533.
388 2377 422 2404 Β.

219 2426 345 2454 Dreves,
360 2426 493 2455 Hymnodia
508 2427 626 2451 Hiberica.
1256 2425 1291 2455 14
