1651 2518
732 120 774 124 —
825 101 986 135 236—-

209 199 238 230 3.
264 197 371 235 Regno
395 198 502 235 spreto
528 195 624 228 corde
647 196 729 227 laeto
882 196 912 228 4.
938 193 1039 226 Jubar
1062 195 1189 235 clarum,
1216 194 1283 226 Deo
1310 202 1426 233 carum,

311 242 424 274 Nudus
447 242 621 282 pertransit
642 250 779 279 nemora,
989 240 1089 273 Coelis
1113 241 1218 274 illuxit
1242 241 1357 280 oriens,

265 289 286 320 J
287 298 336 321 am
361 298 443 321 nunc
467 291 552 321 tutus
576 290 737 320 assecutus
937 288 1026 328 Quod
1050 288 1218 327 splendere
1242 287 1319 320 fecit
1343 296 1416 319 vere

311 337 498 368 Aet-„etna
538 335 703 368 Christi
741 343 822 366 mu·
988 334 1162 367 Verbum
1179 343 1498 374 supernumpro-

599 392 621 413 n
630 391 648 413 e
655 391 671 413 r
681 391 710 414 a.
1274 381 1314 413 di
1323 389 1340 412 e
1349 391 1370 413 11
1380 389 1404 413 s.

545 451 575 481 5.
603 448 709 480 Omnis
734 455 810 479 vera
835 447 902 478 laus
928 447 1052 478 sincera

650 493 761 525 Cordis
787 494 829 524 sit
850 493 912 525 Dei
937 492 1044 533 validi,

602 541 660 580 ραι
685 549 741 572 nos
768 540 862 571 ducat
886 541 918 571 et
941 540 1095 579 perducat

648 587 710 619 Ad
736 595 901 618 coenam
926 587 1020 626 agni
1045 586 1227 626 providi,

284 653 367 680 Brev.
385 651 546 679 Illerdense
566 651 634 687 imp.
655 659 696 678 ca.
718 648 799 679 1533.

468 798 528 829 415.
568 797 604 829 111
621 797 731 830 Natale
750 797 966 837 Apostolorum
984 797 1071 828 Petri
1085 797 1117 827 et
1135 796 1232 828 Pauli.

530 887 560 919 1.
584 886 742 924 Tempora
764 884 887 925 fulgida
909 893 991 917 nunc
1012 884 1154 925 rutilant,

585 933 699 964 Annua
723 933 885 964 commoda
905 932 971 970 jam
995 934 1144 971 remeant,

585 980 672 1011 Area
696 977 838 1018 frugibus
863 980 956 1010 aucta
979 978 1070 1010 bonis

587 1026 665 1058 Fert
687 1034 769 1058 nova
793 1026 908 1066 gaudia
931 1024 1086 1064 ruricolis,

583 1071 764 1104 Frondibus
787 1072 926 1112 undique
951 1074 1075 1111 compta
1098 1072 1172 1102 suis.

528 1141 559 1172 2.
584 1138 683 1170 Festa
706 1139 773 1170 dies
796 1139 891 1170 hodie
913 1139 1039 1178 renitet,

587 1185 698 1217 Petrus
724 1186 754 1217 in
780 1185 907 1217 aethere
934 1194 1002 1216 cum
1025 1185 1140 1227 radiat,

587 1232 702 1264 Pauius
728 1233 759 1264 in
785 1234 890 1263 astrea
914 1240 1012 1272 regna
1037 1233 1141 1272 micat,

584 1278 649 1316 Quo
674 1278 760 1310 Deus
785 1278 905 1310 arbiter
928 1279 970 1310 ad
993 1287 1140 1318 superum

584 1324 699 1357 Evehit
723 1326 783 1356 hac
808 1325 859 1357 die
883 1325 1057 1365 collegium.

532 1391 561 1422 3.
589 1390 722 1430 Agmine
744 1391 864 1429 primus
888 1390 1060 1430 apostolico

590 1437 702 1468 Petrus
726 1437 758 1468 in
784 1437 860 1468 orbe
885 1437 961 1468 cluit
984 1437 1108 1475 merito,

589 1483 733 1522 Olaviger
756 1483 883 1515 inclitus
909 1483 942 1515 in
967 1484 1089 1522 superis

585 1529 691 1562 Lucra
714 1528 813 1561 refert
836 1530 890 1569 pia
915 1529 1121 1569 ChristicoliS‚

591 1576 693 1611 Solvit
717 1580 748 1608 et
772 1577 882 1616 alligat
905 1578 938 1608 in
962 1577 1098 1616 populis.

533 1645 564 1676 4.
589 1641 709 1673 Ferrea
732 1641 857 1674 vincula
881 1650 972 1682 quem
995 1644 1140 1673 metuunt

588 1689 656 1720 Nec
679 1689 782 1729 laquei
807 1689 943 1721 retinere
966 1692 1091 1730 queunt,

590 1735 732 1768 Carceris
757 1736 874 1767 extima
896 1739 1009 1776 sponte
1034 1738 1154 1775 patent,

586 1782 755 1814 Daemonis
780 1783 904 1823 agmina
926 1785 1039 1814 cuncta
1062 1784 1180 1822 pavent

589 1829 704 1870 Nilque
728 1830 776 1862 sui
800 1830 937 1862 retinere
960 1829 1075 1862 valent.

534 1897 563 1929 5.
590 1896 715 1928 Janitor
738 1896 873 1928 aetheris
897 1896 967 1936 ipse
990 1897 1096 1927 manet

589 1941 702 1973 Pastor
726 1945 758 1973 et
780 1943 850 1982 ipse
874 1943 976 1982 gregis
1000 1942 1125 1981 renitet,

593 1988 651 2026 Qui
675 1997 733 2028 per
757 1997 887 2021 amoena
911 1989 1031 2022 virecta
1055 1997 1127 2020 suos

590 2036 725 2067 Pascere
752 2036 861 2068 doctus
886 2037 1007 2069 ovando
1031 2044 1140 2075 greges

590 2081 749 2114 Scandere
772 2083 878 2114 sidera
903 2084 999 2115 donat
1022 2091 1105 2113 oves.

532 2150 562 2181 6.
589 2147 723 2180 Simonis
747 2149 878 2180 horrida
899 2148 1071 2188 praestigia

591 2194 673 2227 Voce
697 2194 845 2235 fugantur
868 2195 1049 2236 apostolica,

591 2241 715 2275 1nferus
739 2243 824 2274 haud
850 2241 995 2274 cohibere
1019 2242 1112 2279 valet,

591 2288 688 2327 Quem
712 2289 823 2321 Petrus
847 2289 923 2321 inde
947 2288 1052 2319 redire
1074 2287 1174 2329 J'ubet,

592 2336 720 2374 Tenea,
748 2337 868 2368 coelica
890 2335 1003 2376 quique
1027 2337 1121 2366 tenet.
