1651 2518
609 75 809 138 ⁸-271
859 123 905 128 —

132 196 163 228 3.
191 196 286 228 Alme
309 200 431 238 martyr
455 198 603 242 pretiose,

235 246 310 276 vota
334 247 442 277 nostra
466 246 601 289 suscipe,

188 290 288 323 Prece
313 291 421 331 culpas
446 301 548 333 purga
571 295 695 325 nostras

237 337 378 377 dansque
401 339 505 371 locum
529 341 649 379 veniae,

194 383 259 417 Ubi
283 393 408 425 regnas,
433 394 490 417 nos
514 390 683 427 praesenta

235 434 308 463 ante
332 440 439 472 regem
463 433 591 473 gloriae.

810 201 841 233 4.
869 199 979 232 Gloria
1003 198 1045 231 sit
1069 200 1136 231 Deo
1161 197 1245 238 patri

913 248 1007 286 atque
1031 246 1099 285 ejus
1119 244 1184 278 filio

868 294 918 326 Ab
940 295 1071 334 utroque
1096 292 1281 333 procedenti

914 344 1085 379 sanctoque
1108 340 1272 381 paraclito,

868 389 925 427 Qui
951 390 999 419 est
1024 395 1097 418 vera
1120 389 1320 426 peccatorum

914 435 1049 467 omnium
1073 434 1224 467 remissio.

211 495 247 522 In
276 493 435 524 denselben
462 497 584 530 Quellen
617 499 673 526 wie
698 499 748 526 cler
772 498 1006 535 vorhergehende
1028 497 1174 532 Hymnus,
1207 505 1266 524 von
1289 495 1427 524 welehem

131 532 228 560 dieser
255 541 311 560 nur
339 534 404 561 eine
428 534 559 562 Divisio-
579 550 616 554 —
644 533 675 566 1,
696 537 714 564 3
739 537 782 564 Ut
804 545 855 572 pro
882 537 962 572 cujus
988 535 1016 564 S.
1040 549 1077 554 —
1103 534 1135 569 2,
1164 533 1178 561 1
1199 534 1369 562 Ablatrante
1390 532 1425 568 S,

134 570 307 598 Oblatrante
325 571 385 598 KP.
406 588 414 592 -
462 570 496 606 2,
522 570 540 599 3
559 573 701 601 famulatu
720 573 799 601 felici
818 573 841 601 I.
862 588 900 592 —
918 571 949 608 3,
974 572 992 600 2
1011 581 1097 601 voces
1117 574 1231 600 nostras
1250 572 1307 606 1K3
1327 579 1425 607 preces

132 609 248 635 nostras
269 607 298 635 S.
319 623 356 627 —
376 607 409 643 3,
430 607 448 636 3
467 610 571 637 Preces
591 611 620 646 13
646 614 760 639 nostras
780 611 853 639 fehlt
870 612 898 646 13
925 611 981 639 Pia
999 619 1084 646 prece
1103 610 1202 645 culpas
1223 617 1315 646 purga
1333 609 1368 636 K.
1389 624 1426 628 —

128 642 155 678 3,
176 643 193 672 6
214 647 282 673 ante
301 645 437 674 thronum
457 647 481 674 Ι.

544 757 612 788 474.
649 757 693 789 De
712 759 817 789 sancto
836 757 1009 790 Vincentio.

669 825 717 854 Ad
736 824 890 862 Vesperas.

132 890 162 922 1.
185 889 345 922 Vincentii
369 892 553 932 martyrium

190 937 235 969 Et
258 937 381 977 insigne
402 939 605 978 praeconium

191 983 394 1016 Celebrantes
420 993 489 1015 cum
513 986 627 1025 gaudio

190 1031 366 1063 Psallamus
393 1040 462 1063 cum
487 1033 637 1071 tripudio.

129 1087 159 1118 2.
187 1085 250 1119 Hic
273 1086 397 1126 gemina
421 1088 553 1119 scientia

187 1133 233 1164 Et
256 1142 377 1165 morum
403 1135 591 1166 excellentia

189 1179 324 1212 Florens
347 1180 464 1213 levitae
488 1182 600 1214 solium

187 1227 345 1259 Ascendit
365 1237 425 1267 per
451 1228 620 1262 Valerium.

813 895 842 927 3.
868 894 964 925 Virus
989 894 1143 932 serpentis
1167 892 1267 924 invidi

871 940 932 972 Cor
955 940 1088 972 Daciani
1112 939 1216 971 rabidi

867 987 1023 1018 Accendit
1045 987 1078 1017 in
1102 986 1265 1024 insaniam,

865 1033 910 1065 Ut
935 1033 1055 1064 deleret
1085 1032 1256 1064 ecclesiam.

810 1092 840 1122 4.
866 1090 929 1121 Hie
952 1089 1130 1128 praesulem
1156 1088 1313 1119 Valerium

866 1136 911 1167 Et
935 1136 1063 1167 levitam
1088 1135 1286 1167 vincentium

866 1182 979 1214 Multis
1005 1190 1110 1214 caesos
1134 1181 1298 1221 suppliciis

867 1228 994 1261 Afflixit
1022 1229 1123 1260 modis
1149 1229 1254 1260 variis

527 1286 558 1317 5.
582 1285 631 1317 Sit
653 1285 732 1325 laus,
759 1285 859 1318 honor
879 1285 1017 1325 ingenito

582 1331 683 1373 Patri,
709 1334 792 1370 nato,
818 1333 982 1372 paraclito,

583 1378 644 1418 Qui
669 1381 825 1410 certantes
847 1377 986 1410 fideliter

582 1426 775 1457 Remunerat
798 1425 943 1458 feliciter.

204 1488 289 1515 BreV.
318 1497 370 1517 ms.
392 1489 645 1526 Calagunitanum
665 1499 740 1518 saec.
762 1488 805 1518 15.
836 1490 904 1518 Ood.
925 1490 1129 1519 Salmanticen.
1151 1487 1213 1517 155.
1233 1488 1267 1516 A.
1289 1503 1297 1507 -
1345 1488 1427 1515 Brev.

131 1525 385 1561 Calagurn‘tanum
405 1530 434 1555 et
451 1527 632 1556 Calciatense
651 1529 719 1564 imp.
745 1529 882 1556 Luci-onii
907 1526 988 1556 1543.
1002 1529 1034 1555 B.
1056 1542 1092 1546 —
1105 1528 1162 1555 Dic
1174 1526 1337 1562 Doxologie
1356 1526 1427 1553 fehlt

126 1563 160 1590 B.
179 1579 218 1583 —
238 1561 263 1598 5,
286 1561 301 1591 1
321 1565 415 1592 honor
433 1565 506 1592 fehlt
522 1565 557 1593 A.

548 1675 605 1707 475
652 1676 696 1707 Do
716 1676 821 1707 sancto
840 1674 1012 1707 Vincentio.

644 1743 692 1772 Ad
712 1742 901 1773 Nocturnum.

131 1809 162 1844 1.
187 1809 338 1842 Athletae
363 1809 546 1850 beatissimi,

189 1856 348 1890 Vincentii
373 1856 537 1889 fortissimi

189 1904 320 1936 Festum
346 1904 484 1936 colentes
509 1905 605 1937 hodie

189 1952 367 1984 Psallamus
392 1952 461 1993 regi
484 1952 614 1992 gloriae.

131 2011 163 2043 2.
190 2008 298 2048 Stirpe
323 2011 415 2040 natus
441 2009 568 2050 egregia

186 2056 333 2089 Moribus
358 2059 390 2089 et
413 2056 548 2089 scientia

187 2104 265 2137 Jesu
292 2103 417 2136 Christo
443 2104 633 2144 complacuit

188 2151 431 2191 Virtutibusque
455 2149 571 2183 floruit.

128 2210 160 2243 3.
186 2208 327 2242 Verbum
352 2208 412 2240 Dei
441 2208 558 2240 diutius

186 2255 377 2290 seminando
402 2255 525 2288 felicius

186 2303 256 2335 Deo
282 2303 440 2336 reddebat
463 2303 615 2343 populum

183 2351 360 2391 Deceptum
385 2360 444 2391 per
466 2351 634 2384 diabolum.

812 1813 844 1845 4.
869 1811 973 1842 Multa
997 1819 1165 1850 perpessus
1190 1810 1323 1843 verbera

868 1858 1170 1897 Tormentorumque
1194 1866 1310 1898 genera

868 1905 995 1945 Martyr
1021 1905 1143 1937 devicto
1170 1905 1278 1937 zabulo

867 1953 1007 1984 Emicuit
1023 1961 1041 1984 e
1064 1952 1200 1986 saeculo,

812 2011 842 2042 5.
870 2010 990 2049 Corpus
1016 2017 1125 2048 campo
1149 2009 1324 2052 projicitur,

868 2056 960 2088 Feris
984 2056 1159 2088 vorandum
1182 2056 1344 2097 linquitur,

870 2103 933 2135 Sed
956 2102 1018 2134 Dei
1042 2102 1243 2143 providentia

868 2150 987 2183 Corvus
1011 2150 1103 2183 adest
1127 2152 1278 2183 custodia.

811 2209 841 2242 6.
869 2207 954 2239 Hinc
977 2207 1074 2239 maris
1100 2207 1193 2239 datur
1217 2207 1364 2241 fluctibus

868 2254 1092 2287 Devorandum
1117 2264 1135 2286 a
1160 2254 1310 2297 piscibus,

869 2301 932 2334 Sed
959 2302 1030 2341 quia
1052 2301 1122 2334 Deo
1148 2302 1277 2345 placuit,

863 2349 1011 2382 Illaesum
1035 2349 1110 2382 litus
1135 2351 1245 2385 tenuit.
