1651 2518
686 116 919 151 *81-

150 210 180 242 3.
207 209 289 242 Dum
318 210 400 241 sacri
424 211 566 243 membra
590 213 729 251 corporis

209 257 300 289 Ollae
324 265 494 289 succensae
517 259 677 298 sulphuris

211 303 394 346 Roboravst,
420 313 461 335 ne
485 305 635 337 cederent

208 349 272 382 Sed
297 350 381 382 vires
403 351 486 390 ignis
511 352 682 384 vincerent.

149 407 181 439 4.
208 406 333 438 Natura
355 407 477 446 plumbi
502 407 646 446 vincitur,

208 453 291 485 Dum
316 452 350 484 in
374 454 529 494 liquorem
554 455 698 494 vertitur,

209 500 253 532 Et
278 500 427 539 baptismi
450 502 634 540 mysterium

210 547 356 579 Praestat
380 548 491 579 turmis
518 549 721 581 credentium.

829 214 860 245 5.
887 212 1011 243 Virtute
1036 220 1168 252 namquo
1192 210 1323 251 spiritus

888 259 992 291 Virtus
1017 257 1158 291 aufertur
1181 258 1306 298 ignibus

886 305 989 338 Sacris
1014 305 1141 337 illaesus
1166 304 1294 337 artubus

884 353 1033 385 Exsultat
1055 354 1175 391 martyr
1201 351 1340 385 coelitus.

828 410 858 443 6.
886 410 935 442 Sit
954 409 1021 440 laus
1046 409 1130 448 patri
1160 417 1228 440 cum
1252 408 1328 451 filio,

887 456 1002 488 Sancto
1026 455 1118 487 simul
1140 455 1304 494 paraclito,

886 503 959 535 Una
983 511 1051 534 cum
1076 502 1192 534 sanctis
1216 502 1358 534 omnibus

888 550 1034 581 Exsultet
1059 550 1178 580 coelum
1202 549 1358 581 laudibus

223 622 307 649 Brev.
322 630 374 649 ms.
386 623 577 650 Zamoranum
598 631 672 651 saec.
685 621 728 651 15,
750 624 817 651 Ood.
832 622 924 658 Capit.
939 623 1085 651 Zamoren.
1101 632 1122 650 s.
1137 632 1163 649 n.
1174 623 1209 650 A.
1230 638 1266 643 —
1286 624 1369 650 Biov.
1390 632 1441 650 ms.

146 659 320 686 Toletanum
346 668 421 687 saec.
448 658 492 688 14.
518 661 587 688 God.
612 661 759 689 Matriten.
785 661 828 689 Ff.
856 659 918 688 147.
944 661 976 688 B.
1004 676 1041 681 -2—
1060 661 1163 688 Dium.
1189 670 1237 687 ms¹
1261 660 1443 697 Legionensc

148 705 223 724 saec.
252 695 294 724 15.
323 697 391 724 Corl.
414 697 507 733 Capit.
528 698 685 734 Legionen.
712 696 757 727 36.
780 699 809 726 C.
830 712 867 716 —
886 698 976 726 Psalt.
996 698 1192 726 Pallantinum
1217 700 1285 733 imp.
1306 699 1444 726 Lucronii

150 732 231 761 1512.
252 735 288 762 D.
311 750 347 754 =-
367 735 452 763 Brev.
472 735 670 763 Pallantinum
690 737 758 771 imp.
779 736 943 764 Pallantiae
964 734 1044 764 1545.
1064 736 1099 763 Ε.
1120 750 1156 755 -
1169 736 1249 763 Mel.:
1270 736 1305 763 In
1325 736 1443 763 coelesti

148 772 280 806 collegio.
300 773 336 800 D.

574 882 635 915 108.
665 881 708 914 De
728 883 834 914 saneto
854 881 1016 914 Antonino.

672 949 719 978 Ad
738 948 926 979 Nocturnum.

152 1017 182 1050 1.
210 1017 337 1057 Mal-tyr
361 1016 422 1048 Dei
446 1017 651 1056 sanctissime,

205 1063 281 1095 Tibi
303 1063 477 1103 psallentes
501 1062 611 1096 refove

207 1109 252 1142 Et
277 1111 387 1151 dignos
411 1119 502 1142 sacro
526 1119 654 1142 munere

207 1156 274 1188 Nos
299 1157 400 1189 redde
423 1157 492 1197 regi
515 1157 642 1198 gloriae.

150 1214 181 1244 2.
208 1213 267 1251 Qui
291 1216 323 1245 te
346 1222 430 1252 pane
454 1213 593 1253 angelico

210 1259 287 1292 Cum
311 1269 409 1300 puero
431 1260 597 1292 Almachio

207 1305 333 1338 Refecit
357 1310 389 1338 et
412 1307 582 1339 innumeris

206 1353 379 1386 Decoravit
402 1353 571 1385 miraculis.

826 1019 856 1050 3.
886 1015 1043 1049 Infantem
1068 1018 1195 1056 praesul
1216 1017 1348 1049 suscitat

886 1064 931 1096 Et
955 1066 987 1094 te
1010 1064 1097 1096 Deus
1120 1063 1293 1104 glorificam

885 1111 963 1142 Esto
988 1109 1078 1143 nobis
1103 1110 1258 1150 propitius

884 1157 928 1189 Et
952 1157 1053 1189 Deum
1078 1158 1170 1196 placa
1193 1157 1350 1196 precibus.

825 1214 856 1245 4.
884 1214 929 1246 Ut
952 1213 1013 1244 tuis
1038 1213 1221 1252 patrociniis

881 1261 917 1293 In
944 1263 1122 1292 sanctorum
1148 1260 1311 1292 consortiis

885 1306 1009 1339 Christo
1033 1308 1205 1347 psallentes
1230 1306 1364 1339 Domino

884 1354 975 1386 Laeti
1001 1353 1142 1386 fruamur
1165 1353 1289 1394 gaudio.

543 1412 574 1443 5.
600 1412 741 1450 Praesta,
768 1410 861 1442 beata
886 1410 1020 1452 trinitas,

597 1457 750 1496 Concede,
775 1457 910 1498 simplex
933 1457 1046 1499 unitas,

598 1506 643 1538 Ut
666 1505 819 1537 Antonini
843 1504 991 1544 martyris

597 1552 644 1583 Te
667 1550 865 1591 perfruamur
891 1551 1020 1584 meritis.

225 1625 307 1652 Brev.
333 1633 384 1651 ms.
405 1626 578 1653 Zamorense
602 1634 676 1652 saec.
705 1624 747 1653 15.
770 1626 838 1653 God.
861 1624 953 1661 Capit.
974 1626 1122 1653 Zamoren.
1149 1634 1153 1641 ¹

1197 1635 1224 1653 11.
1245 1626 1278 1652 A.
1300 1641 1336 1645 -
1359 1626 1441 1653 Brev.

148 1671 200 1689 ms.
227 1662 399 1689 Toletanum
426 1670 501 1689 saec.
530 1660 572 1689 14.
601 1662 668 1690 Cocl.
697 1663 844 1691 Matriten.
869 1662 912 1690 Ff.
941 1661 1002 1690 147.
1022 1664 1053 1690 B.
1074 1677 1109 1681 --
1136 1663 1443 1691 Pralt.Pa11antinum

149 1700 218 1736 imp.
244 1699 384 1727 Lucronii
412 1698 492 1727 1512.
522 1699 551 1727 (J.
580 1715 615 1719 —
636 1700 718 1727 Brev.
739 1700 937 1728 Pallantinum
963 1702 1031 1736 imp.
1052 1701 1216 1728 Pallantiae
1244 1699 1324 1729 1545.
1345 1702 1380 1729 D.
1406 1716 1443 1721 —

147 1734 174 1770 3,
195 1736 213 1764 2
232 1739 261 1764 te
273 1737 369 1764 Deum
383 1738 448 1771 (JD;
474 1738 643 1765 rermutlieh
663 1737 757 1765 dtirfte
775 1735 801 1771 3,
825 1736 838 1765 1
860 1739 984 1765 suscitas
1002 1738 1087 1772 (trotz
1106 1738 1156 1766 des
1169 1738 1295 1772 Reime)
1315 1748 1351 1766 zu
1365 1739 1444 1766 le3en

148 1776 220 1802 sein.
240 1790 278 1794 —
297 1775 353 1802 Str.
374 1773 394 1802 4
412 1775 473 1802 und
491 1774 509 1802 5
529 1775 714 1810 ausger-issen
732 1774 765 1802 A.

575 1885 635 1918 109.
669 1886 711 1916 De
731 1887 836 1917 sancto
855 1885 1015 1917 Antonino.

696 1954 744 1983 Ad
763 1951 888 1983 Laudes.

152 2024 179 2057 1.
205 2024 274 2055 Rex
301 2022 435 2061 Christe,
472 2022 583 2054 ductor
611 2024 767 2064 praevius,

206 2071 343 2102 Tum-um
371 2069 467 2102 corda
491 2069 621 2102 coelitus

208 2116 370 2150 Perfunde
392 2119 445 2149 tuo
470 2116 587 2149 lumine

207 2164 356 2198 Placatus
380 2173 509 2204 precum
534 2173 671 2197 munere.

147 2224 177 2254 2.
206 2221 265 2261 Qui
290 2222 484 2254 Antoninum
507 2225 679 2261 martyrem

205 2270 306 2301 Tuum
332 2267 436 2301 fecisti
460 2269 596 2301 nobilem

204 2316 366 2349 Victorem
390 2317 422 2348 in
447 2317 600 2357 martyrio

203 2365 271 2396 Tuo
296 2372 386 2396 sacro
411 2364 582 2404 praesidio

203 2424 243 2447 Dr
253 2430 320 2447 eves
329 2441 334 2451 ‚
354 2422 484 2451 Hymnodia
499 2422 616 2446 Hiberica.

828 2025 858 2056 3.
886 2023 967 2054 Dum
994 2022 1155 2063 dignitatis
1180 2023 1311 2062 gloriam

885 2070 1036 2109 Respexit
1061 2072 1093 2100 et
1116 2070 1290 2113 victoriam,

889 2118 1101 2157 Triumphans
1126 2117 1247 2149 hostem
1270 2118 1406 2157 sustulit,

887 2164 1029 2197 Coeleste
1051 2173 1180 2205 regnum
1205 2166 1329 2198 meruit.

828 2224 859 2255 4.
885 2222 1016 2254 Peracto
1041 2221 1152 2253 mortis
1177 2222 1298 2261 proelio

884 2269 1078 2310 Angelorum
1101 2270 1253 2310 mysterio

888 2316 1015 2348 Locasti
1041 2319 1135 2356 caput.
1158 2318 1307 2358 martyris

884 2364 988 2396 Sacris
1015 2365 1142 2397 ductum
1167 2365 1328 2398 vehiculis.

1258 2419 1275 2448 6
