<?xml version="1.0" encoding="UTF-8"?>
<!DOCTYPE html PUBLIC "-//W3C//DTD XHTML 1.0 Transitional//EN"
    "http://www.w3.org/TR/xhtml1/DTD/xhtml1-transitional.dtd">
<html xmlns="http://www.w3.org/1999/xhtml" xml:lang="en" lang="en">
 <head>
  <title>
</title>
<meta http-equiv="Content-Type" content="text/html;charset=utf-8" />
  <meta name='ocr-system' content='tesseract 3.04.00' />
  <meta name='ocr-capabilities' content='ocr_page ocr_carea ocr_par ocr_line ocrx_word'/>
</head>
<body>
  <div class='ocr_page' id='page_1' title='image "./analectahymnica16drevuoft_00091.png"; bbox 0 0 1651 2518; ppageno 0'>
   <div class='ocr_carea' id='block_1_1' title="bbox 680 72 911 100">
    <p class='ocr_par' dir='ltr' id='par_1_1' title="bbox 680 72 911 100">
     <span class='ocr_line' id='line_1_1' title="bbox 680 72 911 100; baseline -0.004 -9"><span class='ocrx_word' id='word_1_1' title='bbox 680 72 911 100; x_wconf 43' lang='lat' dir='ltr'><strong>,agg-</strong></span> 
     </span>
    </p>
   </div>
   <div class='ocr_carea' id='block_1_2' title="bbox 502 175 1090 215">
    <p class='ocr_par' dir='ltr' id='par_1_2' title="bbox 502 175 1090 215">
     <span class='ocr_line' id='line_1_2' title="bbox 502 175 1090 215; baseline -0.005 -7"><span class='ocrx_word' id='word_1_2' title='bbox 502 177 555 208; x_wconf 85' lang='lat'><strong>121.</strong></span> <span class='ocrx_word' id='word_1_3' title='bbox 594 176 628 207; x_wconf 91' lang='lat' dir='ltr'><strong>In</strong></span> <span class='ocrx_word' id='word_1_4' title='bbox 651 175 850 207; x_wconf 72' lang='lat' dir='ltr'>conversione</span> <span class='ocrx_word' id='word_1_5' title='bbox 871 183 895 205; x_wconf 91' lang='lat' dir='ltr'><strong>s.</strong></span> <span class='ocrx_word' id='word_1_6' title='bbox 915 175 1090 215; x_wconf 79' lang='lat' dir='ltr'><strong>Augustini.</strong></span> 
     </span>
    </p>
   </div>
   <div class='ocr_carea' id='block_1_3' title="bbox 699 260 890 290">
    <p class='ocr_par' dir='ltr' id='par_1_3' title="bbox 699 260 890 290">
     <span class='ocr_line' id='line_1_3' title="bbox 699 260 890 290; baseline 0 -1"><span class='ocrx_word' id='word_1_7' title='bbox 699 260 747 290; x_wconf 86' lang='lat' dir='ltr'><strong>Ad</strong></span> <span class='ocrx_word' id='word_1_8' title='bbox 765 260 890 290; x_wconf 83' lang='lat' dir='ltr'>Laudes.</span> 
     </span>
    </p>
   </div>
   <div class='ocr_carea' id='block_1_4' title="bbox 159 348 608 520">
    <p class='ocr_par' dir='ltr' id='par_1_4' title="bbox 159 348 608 520">
     <span class='ocr_line' id='line_1_4' title="bbox 159 348 580 387; baseline -0.005 -6"><span class='ocrx_word' id='word_1_9' title='bbox 159 349 188 382; x_wconf 81' lang='lat'><strong>1.</strong></span> <span class='ocrx_word' id='word_1_10' title='bbox 214 348 301 380; x_wconf 81' lang='lat' dir='ltr'><strong>Coeli</strong></span> <span class='ocrx_word' id='word_1_11' title='bbox 325 349 412 382; x_wconf 82' lang='lat' dir='ltr'><strong>sidus</strong></span> <span class='ocrx_word' id='word_1_12' title='bbox 436 349 580 387; x_wconf 76' lang='lat' dir='ltr'>amabile,</span> 
     </span>
     <span class='ocr_line' id='line_1_5' title="bbox 217 395 592 433; baseline -0.003 -7"><span class='ocrx_word' id='word_1_13' title='bbox 217 395 373 427; x_wconf 74' lang='lat' dir='ltr'><strong>Virtutum</strong></span> <span class='ocrx_word' id='word_1_14' title='bbox 398 395 592 433; x_wconf 78' lang='lat' dir='ltr'><strong>viridarium,</strong></span> 
     </span>
     <span class='ocr_line' id='line_1_6' title="bbox 214 442 608 474; baseline -0.005 -1"><span class='ocrx_word' id='word_1_15' title='bbox 214 442 263 473; x_wconf 84' lang='lat' dir='ltr'><strong>Tu</strong></span> <span class='ocrx_word' id='word_1_16' title='bbox 287 442 333 474; x_wconf 91' lang='lat' dir='ltr'><strong>sol</strong></span> <span class='ocrx_word' id='word_1_17' title='bbox 356 443 422 474; x_wconf 89' lang='lat' dir='ltr'><strong>sole</strong></span> <span class='ocrx_word' id='word_1_18' title='bbox 445 442 608 473; x_wconf 76' lang='lat' dir='ltr'><strong>micantior</strong></span> 
     </span>
     <span class='ocr_line' id='line_1_7' title="bbox 215 488 608 520; baseline 0.003 -1"><span class='ocrx_word' id='word_1_19' title='bbox 215 488 257 519; x_wconf 85' lang='lat' dir='ltr'><strong>Et</strong></span> <span class='ocrx_word' id='word_1_20' title='bbox 280 489 334 520; x_wconf 83' lang='lat' dir='ltr'><strong>lux</strong></span> <span class='ocrx_word' id='word_1_21' title='bbox 358 490 427 520; x_wconf 86' lang='lat' dir='ltr'><strong>luce</strong></span> <span class='ocrx_word' id='word_1_22' title='bbox 449 489 608 520; x_wconf 82' lang='lat' dir='ltr'><strong>nitentior.</strong></span> 
     </span>
    </p>
   </div>
   <div class='ocr_carea' id='block_1_5' title="bbox 164 562 725 742">
    <p class='ocr_par' dir='ltr' id='par_1_5' title="bbox 164 562 725 742">
     <span class='ocr_line' id='line_1_8' title="bbox 164 562 671 602; baseline -0.004 -7"><span class='ocrx_word' id='word_1_23' title='bbox 164 564 194 595; x_wconf 79' lang='lat'><strong>2.</strong></span> <span class='ocrx_word' id='word_1_24' title='bbox 221 562 268 595; x_wconf 86' lang='lat' dir='ltr'><strong>Tu</strong></span> <span class='ocrx_word' id='word_1_25' title='bbox 291 563 370 602; x_wconf 80' lang='lat' dir='ltr'><strong>legis</strong></span> <span class='ocrx_word' id='word_1_26' title='bbox 393 563 538 595; x_wconf 80' lang='lat' dir='ltr'>Salomon</span> <span class='ocrx_word' id='word_1_27' title='bbox 563 570 671 600; x_wconf 81' lang='lat' dir='ltr'><strong>novae,</strong></span> 
     </span>
     <span class='ocr_line' id='line_1_9' title="bbox 216 608 614 649; baseline 0 -9"><span class='ocrx_word' id='word_1_28' title='bbox 216 610 314 642; x_wconf 83' lang='lat' dir='ltr'><strong>Vivae</strong></span> <span class='ocrx_word' id='word_1_29' title='bbox 339 608 407 641; x_wconf 85' lang='lat' dir='ltr'><strong>fons</strong></span> <span class='ocrx_word' id='word_1_30' title='bbox 432 610 614 649; x_wconf 81' lang='lat' dir='ltr'><strong>sapientiae,</strong></span> 
     </span>
     <span class='ocr_line' id='line_1_10' title="bbox 217 655 691 695; baseline -0.006 -6"><span class='ocrx_word' id='word_1_31' title='bbox 217 656 358 689; x_wconf 83' lang='lat' dir='ltr'><strong>Prodens</strong></span> <span class='ocrx_word' id='word_1_32' title='bbox 381 657 453 695; x_wconf 87' lang='lat' dir='ltr'><strong>plus</strong></span> <span class='ocrx_word' id='word_1_33' title='bbox 475 655 551 687; x_wconf 85' lang='lat' dir='ltr'><strong>fidei</strong></span> <span class='ocrx_word' id='word_1_34' title='bbox 571 656 691 694; x_wconf 82' lang='lat' dir='ltr'><strong>unicus,</strong></span> 
     </span>
     <span class='ocr_line' id='line_1_11' title="bbox 216 702 725 742; baseline 0 -9"><span class='ocrx_word' id='word_1_35' title='bbox 216 703 323 734; x_wconf 80' lang='lat' dir='ltr'><strong>Omnis</strong></span> <span class='ocrx_word' id='word_1_36' title='bbox 347 711 438 742; x_wconf 82' lang='lat' dir='ltr'><strong>quam</strong></span> <span class='ocrx_word' id='word_1_37' title='bbox 462 709 555 735; x_wconf 76' lang='lat' dir='ltr'><strong>nocet</strong></span> <span class='ocrx_word' id='word_1_38' title='bbox 577 702 725 734; x_wconf 82' lang='lat' dir='ltr'><strong>haeresis.</strong></span> 
     </span>
    </p>
   </div>
   <div class='ocr_carea' id='block_1_6' title="bbox 160 777 686 956">
    <p class='ocr_par' dir='ltr' id='par_1_6' title="bbox 160 777 686 956">
     <span class='ocr_line' id='line_1_12' title="bbox 160 777 650 816; baseline -0.004 -6"><span class='ocrx_word' id='word_1_39' title='bbox 160 779 191 810; x_wconf 87' lang='lat'><strong>3.</strong></span> <span class='ocrx_word' id='word_1_40' title='bbox 217 777 264 809; x_wconf 89' lang='lat' dir='ltr'><strong>Tu</strong></span> <span class='ocrx_word' id='word_1_41' title='bbox 289 778 371 808; x_wconf 86' lang='lat' dir='ltr'><strong>vitae</strong></span> <span class='ocrx_word' id='word_1_42' title='bbox 397 777 472 808; x_wconf 88' lang='lat' dir='ltr'><strong>colis</strong></span> <span class='ocrx_word' id='word_1_43' title='bbox 496 777 650 816; x_wconf 79' lang='lat' dir='ltr'>arborem,</span> 
     </span>
     <span class='ocr_line' id='line_1_13' title="bbox 218 822 686 864; baseline 0.002 -10"><span class='ocrx_word' id='word_1_44' title='bbox 218 823 303 861; x_wconf 69' lang='lat' dir='ltr'><strong>Quae</strong></span> <span class='ocrx_word' id='word_1_45' title='bbox 326 822 388 855; x_wconf 82' lang='lat' dir='ltr'><strong>fert</strong></span> <span class='ocrx_word' id='word_1_46' title='bbox 410 832 504 863; x_wconf 82' lang='lat' dir='ltr'><strong>poma.</strong></span> <span class='ocrx_word' id='word_1_47' title='bbox 527 824 686 864; x_wconf 77' lang='lat' dir='ltr'><strong>scientiae,</strong></span> 
     </span>
     <span class='ocr_line' id='line_1_14' title="bbox 220 869 682 911; baseline 0 -10"><span class='ocrx_word' id='word_1_48' title='bbox 220 869 335 901; x_wconf 87' lang='lat' dir='ltr'><strong>Christi</strong></span> <span class='ocrx_word' id='word_1_49' title='bbox 358 871 508 911; x_wconf 79' lang='lat' dir='ltr'><strong>sanguine</strong></span> <span class='ocrx_word' id='word_1_50' title='bbox 533 871 682 902; x_wconf 84' lang='lat' dir='ltr'><strong>consitam</strong></span> 
     </span>
     <span class='ocr_line' id='line_1_15' title="bbox 218 916 603 956; baseline 0 -8"><span class='ocrx_word' id='word_1_51' title='bbox 218 916 265 948; x_wconf 79' lang='lat' dir='ltr'><strong>Tu</strong></span> <span class='ocrx_word' id='word_1_52' title='bbox 291 917 456 949; x_wconf 79' lang='lat' dir='ltr'><strong>sudoribus</strong></span> <span class='ocrx_word' id='word_1_53' title='bbox 480 917 603 956; x_wconf 86' lang='lat' dir='ltr'><strong>irrigas.</strong></span> 
     </span>
    </p>
   </div>
   <div class='ocr_carea' id='block_1_7' title="bbox 829 347 1356 388">
    <p class='ocr_par' dir='ltr' id='par_1_7' title="bbox 829 347 1356 388">
     <span class='ocr_line' id='line_1_16' title="bbox 829 347 1356 388; baseline 0.004 -10"><span class='ocrx_word' id='word_1_54' title='bbox 829 349 860 379; x_wconf 79' lang='lat'><strong>4.</strong></span> <span class='ocrx_word' id='word_1_55' title='bbox 886 347 912 379; x_wconf 88' lang='grc' dir='ltr'>Ο</span> <span class='ocrx_word' id='word_1_56' title='bbox 936 347 1053 388; x_wconf 83' lang='lat' dir='ltr'><strong>lingua,</strong></span> <span class='ocrx_word' id='word_1_57' title='bbox 1079 356 1097 379; x_wconf 88' lang='lat' dir='ltr'><strong>o</strong></span> <span class='ocrx_word' id='word_1_58' title='bbox 1123 349 1259 380; x_wconf 74' lang='lat' dir='ltr'><strong>calamus</strong></span> <span class='ocrx_word' id='word_1_59' title='bbox 1284 348 1356 387; x_wconf 75' lang='lat' dir='ltr'><strong>Dei,</strong></span> 
     </span>
    </p>
   </div>
   <div class='ocr_carea' id='block_1_8' title="bbox 886 394 1363 527">
    <p class='ocr_par' dir='ltr' id='par_1_8' title="bbox 886 394 1363 527">
     <span class='ocr_line' id='line_1_17' title="bbox 887 394 1363 437; baseline 0.002 -13"><span class='ocrx_word' id='word_1_60' title='bbox 887 394 1012 425; x_wconf 76' lang='lat' dir='ltr'><strong>Nostris</strong></span> <span class='ocrx_word' id='word_1_61' title='bbox 1035 394 1182 433; x_wconf 79' lang='lat' dir='ltr'><strong>imprime</strong></span> <span class='ocrx_word' id='word_1_62' title='bbox 1205 395 1363 437; x_wconf 80' lang='lat' dir='ltr'><strong>cordibus,</strong></span> 
     </span>
     <span class='ocr_line' id='line_1_18' title="bbox 886 440 1283 479; baseline 0.008 -8"><span class='ocrx_word' id='word_1_63' title='bbox 886 440 998 479; x_wconf 76' lang='lat' dir='ltr'><strong>Index,</strong></span> <span class='ocrx_word' id='word_1_64' title='bbox 1024 441 1058 472; x_wconf 89' lang='lat' dir='ltr'><strong>in</strong></span> <span class='ocrx_word' id='word_1_65' title='bbox 1081 442 1197 473; x_wconf 84' lang='lat' dir='ltr'><strong>tabulis</strong></span> <span class='ocrx_word' id='word_1_66' title='bbox 1221 442 1283 474; x_wconf 82' lang='lat' dir='ltr'><strong>tuis</strong></span> 
     </span>
     <span class='ocr_line' id='line_1_19' title="bbox 887 487 1340 527; baseline 0.007 -10"><span class='ocrx_word' id='word_1_67' title='bbox 887 487 1044 527; x_wconf 78' lang='lat' dir='ltr'><strong>Quidquid</strong></span> <span class='ocrx_word' id='word_1_68' title='bbox 1068 488 1197 526; x_wconf 85' lang='lat' dir='ltr'><strong>spiritus</strong></span> <span class='ocrx_word' id='word_1_69' title='bbox 1222 491 1340 521; x_wconf 77' lang='lat' dir='ltr'><strong>exarat.</strong></span> 
     </span>
    </p>
   </div>
   <div class='ocr_carea' id='block_1_9' title="bbox 855 562 1287 602">
    <p class='ocr_par' dir='ltr' id='par_1_9' title="bbox 855 562 1287 602">
     <span class='ocr_line' id='line_1_20' title="bbox 855 562 1287 602; baseline 0 -8"><span class='ocrx_word' id='word_1_70' title='bbox 855 588 861 594; x_wconf 96' lang='lat'><strong>.</strong></span> <span class='ocrx_word' id='word_1_71' title='bbox 887 562 987 593; x_wconf 81' lang='lat' dir='ltr'><strong>Natos</strong></span> <span class='ocrx_word' id='word_1_72' title='bbox 1012 562 1135 594; x_wconf 81' lang='lat' dir='ltr'><strong>aemula</strong></span> <span class='ocrx_word' id='word_1_73' title='bbox 1158 562 1287 602; x_wconf 82' lang='lat' dir='ltr'><strong>virginis</strong></span> 
     </span>
    </p>
   </div>
   <div class='ocr_carea' id='block_1_10' title="bbox 887 607 1326 736">
    <p class='ocr_par' dir='ltr' id='par_1_10' title="bbox 887 607 1326 736">
     <span class='ocr_line' id='line_1_21' title="bbox 887 607 1321 649; baseline 0.002 -10"><span class='ocrx_word' id='word_1_74' title='bbox 887 607 1022 640; x_wconf 83' lang='lat' dir='ltr'><strong>Lactent</strong></span> <span class='ocrx_word' id='word_1_75' title='bbox 1044 609 1142 641; x_wconf 84' lang='lat' dir='ltr'><strong>ubera</strong></span> <span class='ocrx_word' id='word_1_76' title='bbox 1164 609 1321 649; x_wconf 69' lang='lat' dir='ltr'><strong>Moffieae,</strong></span> 
     </span>
     <span class='ocr_line' id='line_1_22' title="bbox 887 654 1326 688; baseline 0.002 -2"><span class='ocrx_word' id='word_1_77' title='bbox 887 654 932 686; x_wconf 84' lang='lat' dir='ltr'><strong>Et</strong></span> <span class='ocrx_word' id='word_1_78' title='bbox 956 655 1075 688; x_wconf 76' lang='lat' dir='ltr'><strong>Christi</strong></span> <span class='ocrx_word' id='word_1_79' title='bbox 1099 656 1222 687; x_wconf 84' lang='lat' dir='ltr'><strong>aemula</strong></span> <span class='ocrx_word' id='word_1_80' title='bbox 1244 655 1326 687; x_wconf 87' lang='lat' dir='ltr'><strong>filios</strong></span> 
     </span>
     <span class='ocr_line' id='line_1_23' title="bbox 888 702 1317 736; baseline 0.005 -2"><span class='ocrx_word' id='word_1_81' title='bbox 888 702 992 735; x_wconf 83' lang='lat' dir='ltr'><strong>Patris</strong></span> <span class='ocrx_word' id='word_1_82' title='bbox 1015 703 1148 735; x_wconf 75' lang='lat' dir='ltr'><strong>vulnera</strong></span> <span class='ocrx_word' id='word_1_83' title='bbox 1167 703 1317 736; x_wconf 82' lang='lat' dir='ltr'><strong>nutriant.</strong></span> 
     </span>
    </p>
   </div>
   <div class='ocr_carea' id='block_1_11' title="bbox 857 776 1296 817">
    <p class='ocr_par' dir='ltr' id='par_1_11' title="bbox 857 776 1296 817">
     <span class='ocr_line' id='line_1_24' title="bbox 857 776 1296 817; baseline -0.002 -7"><span class='ocrx_word' id='word_1_84' title='bbox 857 804 862 810; x_wconf 94' lang='lat'><strong>.</strong></span> <span class='ocrx_word' id='word_1_85' title='bbox 889 776 973 809; x_wconf 85' lang='lat' dir='ltr'><strong>Laus</strong></span> <span class='ocrx_word' id='word_1_86' title='bbox 999 780 1030 808; x_wconf 87' lang='lat' dir='ltr'><strong>et</strong></span> <span class='ocrx_word' id='word_1_87' title='bbox 1053 778 1153 817; x_wconf 79' lang='lat' dir='ltr'><strong>gloria</strong></span> <span class='ocrx_word' id='word_1_88' title='bbox 1177 778 1296 809; x_wconf 87' lang='lat' dir='ltr'><strong>numini</strong></span> 
     </span>
    </p>
   </div>
   <div class='ocr_carea' id='block_1_12' title="bbox 887 823 1381 957">
    <p class='ocr_par' dir='ltr' id='par_1_12' title="bbox 887 823 1381 957">
     <span class='ocr_line' id='line_1_25' title="bbox 887 823 1313 864; baseline 0.002 -9"><span class='ocrx_word' id='word_1_89' title='bbox 887 823 984 856; x_wconf 85' lang='lat' dir='ltr'><strong>Trino</strong></span> <span class='ocrx_word' id='word_1_90' title='bbox 1008 833 1132 864; x_wconf 81' lang='lat' dir='ltr'><strong>semper</strong></span> <span class='ocrx_word' id='word_1_91' title='bbox 1157 827 1189 856; x_wconf 93' lang='lat' dir='ltr'><strong>et</strong></span> <span class='ocrx_word' id='word_1_92' title='bbox 1212 825 1313 864; x_wconf 82' lang='lat' dir='ltr'><strong>unico,</strong></span> 
     </span>
     <span class='ocr_line' id='line_1_26' title="bbox 890 870 1381 911; baseline 0.004 -10"><span class='ocrx_word' id='word_1_93' title='bbox 890 870 978 908; x_wconf 77' lang='lat' dir='ltr'><strong>Quod</strong></span> <span class='ocrx_word' id='word_1_94' title='bbox 1004 880 1133 910; x_wconf 87' lang='lat' dir='ltr'><strong>regnum</strong></span> <span class='ocrx_word' id='word_1_95' title='bbox 1154 880 1250 911; x_wconf 84' lang='lat' dir='ltr'><strong>super</strong></span> <span class='ocrx_word' id='word_1_96' title='bbox 1274 871 1381 903; x_wconf 89' lang='lat' dir='ltr'><strong>omnia</strong></span> 
     </span>
     <span class='ocr_line' id='line_1_27' title="bbox 888 916 1262 957; baseline 0.008 -10"><span class='ocrx_word' id='word_1_97' title='bbox 888 916 1087 949; x_wconf 84' lang='lat' dir='ltr'><strong>Immutabile</strong></span> <span class='ocrx_word' id='word_1_98' title='bbox 1110 918 1262 957; x_wconf 79' lang='lat' dir='ltr'><strong>possidet.</strong></span> 
     </span>
    </p>
   </div>
   <div class='ocr_carea' id='block_1_13' title="bbox 235 979 1363 1016">
    <p class='ocr_par' dir='ltr' id='par_1_13' title="bbox 235 979 1363 1016">
     <span class='ocr_line' id='line_1_28' title="bbox 235 979 1363 1016; baseline 0 -8"><span class='ocrx_word' id='word_1_99' title='bbox 235 980 354 1016; x_wconf 81' lang='lat' dir='ltr'><strong>Antiph.</strong></span> <span class='ocrx_word' id='word_1_100' title='bbox 373 989 426 1007; x_wconf 88' lang='lat' dir='ltr'><strong>ms.</strong></span> <span class='ocrx_word' id='word_1_101' title='bbox 448 981 601 1016; x_wconf 85' lang='lat' dir='ltr'><strong>Augustin.</strong></span> <span class='ocrx_word' id='word_1_102' title='bbox 622 989 696 1008; x_wconf 79' lang='lat' dir='ltr'><strong>saec.</strong></span> <span class='ocrx_word' id='word_1_103' title='bbox 721 979 763 1008; x_wconf 82' lang='lat'><strong>16.</strong></span> <span class='ocrx_word' id='word_1_104' title='bbox 785 980 852 1008; x_wconf 82' lang='lat' dir='ltr'><strong>Cod.</strong></span> <span class='ocrx_word' id='word_1_105' title='bbox 871 981 1045 1009; x_wconf 81' lang='lat' dir='ltr'><strong>Praedicatt.</strong></span> <span class='ocrx_word' id='word_1_106' title='bbox 1066 982 1271 1010; x_wconf 84' lang='lat' dir='ltr'><strong>Salmanticen.</strong></span> <span class='ocrx_word' id='word_1_107' title='bbox 1292 990 1315 1010; x_wconf 84' lang='lat' dir='ltr'><strong>s.</strong></span> <span class='ocrx_word' id='word_1_108' title='bbox 1335 991 1363 1010; x_wconf 86' lang='lat' dir='ltr'><strong>n.</strong></span> 
     </span>
    </p>
   </div>
   <div class='ocr_carea' id='block_1_14' title="bbox 582 1117 1018 1150">
    <p class='ocr_par' dir='ltr' id='par_1_14' title="bbox 582 1117 1018 1150">
     <span class='ocr_line' id='line_1_29' title="bbox 582 1117 1018 1150; baseline -0.002 -1"><span class='ocrx_word' id='word_1_109' title='bbox 582 1118 642 1149; x_wconf 82' lang='lat'><strong>122.</strong></span> <span class='ocrx_word' id='word_1_110' title='bbox 680 1117 723 1149; x_wconf 86' lang='lat' dir='ltr'><strong>De</strong></span> <span class='ocrx_word' id='word_1_111' title='bbox 742 1120 850 1149; x_wconf 84' lang='lat' dir='ltr'><strong>sancta</strong></span> <span class='ocrx_word' id='word_1_112' title='bbox 868 1119 1018 1150; x_wconf 78' lang='lat' dir='ltr'><strong>Barbara.</strong></span> 
     </span>
    </p>
   </div>
   <div class='ocr_carea' id='block_1_15' title="bbox 691 1204 912 1242">
    <p class='ocr_par' dir='ltr' id='par_1_15' title="bbox 691 1204 912 1242">
     <span class='ocr_line' id='line_1_30' title="bbox 691 1204 912 1242; baseline 0.005 -9"><span class='ocrx_word' id='word_1_113' title='bbox 691 1204 739 1233; x_wconf 84' lang='lat' dir='ltr'><strong>Ad.</strong></span> <span class='ocrx_word' id='word_1_114' title='bbox 756 1204 912 1242; x_wconf 77' lang='lat' dir='ltr'><strong>Vesperas.</strong></span> 
     </span>
    </p>
   </div>
   <div class='ocr_carea' id='block_1_16' title="bbox 164 1289 564 1657">
    <p class='ocr_par' dir='ltr' id='par_1_16' title="bbox 164 1289 564 1657">
     <span class='ocr_line' id='line_1_31' title="bbox 164 1289 473 1323; baseline -0.003 0"><span class='ocrx_word' id='word_1_115' title='bbox 164 1293 194 1323; x_wconf 87' lang='lat'><strong>1.</strong></span> <span class='ocrx_word' id='word_1_116' title='bbox 220 1290 327 1323; x_wconf 85' lang='lat' dir='ltr'><strong>Laude</strong></span> <span class='ocrx_word' id='word_1_117' title='bbox 350 1289 473 1322; x_wconf 86' lang='lat' dir='ltr'><strong>infinita</strong></span> 
     </span>
     <span class='ocr_line' id='line_1_32' title="bbox 221 1336 543 1379; baseline 0 -11"><span class='ocrx_word' id='word_1_118' title='bbox 221 1336 363 1368; x_wconf 79' lang='lat' dir='ltr'><strong>Barbara</strong></span> <span class='ocrx_word' id='word_1_119' title='bbox 386 1337 543 1379; x_wconf 78' lang='lat' dir='ltr'><strong>laudetur,</strong></span> 
     </span>
     <span class='ocr_line' id='line_1_33' title="bbox 222 1383 491 1423; baseline 0.004 -9"><span class='ocrx_word' id='word_1_120' title='bbox 222 1383 315 1423; x_wconf 84' lang='lat' dir='ltr'><strong>Virgo</strong></span> <span class='ocrx_word' id='word_1_121' title='bbox 341 1386 372 1414; x_wconf 89' lang='lat' dir='ltr'><strong>et</strong></span> <span class='ocrx_word' id='word_1_122' title='bbox 395 1384 491 1416; x_wconf 84' lang='lat' dir='ltr'><strong>levita</strong></span> 
     </span>
     <span class='ocr_line' id='line_1_34' title="bbox 221 1431 564 1469; baseline 0 -7"><span class='ocrx_word' id='word_1_123' title='bbox 221 1431 283 1462; x_wconf 82' lang='lat' dir='ltr'><strong>Per</strong></span> <span class='ocrx_word' id='word_1_124' title='bbox 306 1439 362 1461; x_wconf 75' lang='lat' dir='ltr'><strong>nos</strong></span> <span class='ocrx_word' id='word_1_125' title='bbox 387 1431 564 1469; x_wconf 81' lang='lat' dir='ltr'><strong>honoretur,</strong></span> 
     </span>
     <span class='ocr_line' id='line_1_35' title="bbox 221 1477 496 1509; baseline 0 0"><span class='ocrx_word' id='word_1_126' title='bbox 221 1478 258 1509; x_wconf 89' lang='lat' dir='ltr'><strong>In</strong></span> <span class='ocrx_word' id='word_1_127' title='bbox 285 1477 410 1509; x_wconf 83' lang='lat' dir='ltr'><strong>coelesti</strong></span> <span class='ocrx_word' id='word_1_128' title='bbox 434 1478 496 1509; x_wconf 84' lang='lat' dir='ltr'><strong>sita</strong></span> 
     </span>
     <span class='ocr_line' id='line_1_36' title="bbox 221 1522 499 1563; baseline 0.004 -9"><span class='ocrx_word' id='word_1_129' title='bbox 221 1522 331 1555; x_wconf 78' lang='lat' dir='ltr'><strong>Gloria</strong></span> <span class='ocrx_word' id='word_1_130' title='bbox 353 1524 499 1563; x_wconf 76' lang='lat' dir='ltr'><strong>laetetur,</strong></span> 
     </span>
     <span class='ocr_line' id='line_1_37' title="bbox 221 1570 441 1602; baseline 0.005 -1"><span class='ocrx_word' id='word_1_131' title='bbox 221 1570 328 1601; x_wconf 79' lang='lat' dir='ltr'><strong>Beatis</strong></span> <span class='ocrx_word' id='word_1_132' title='bbox 351 1570 441 1602; x_wconf 85' lang='lat' dir='ltr'><strong>unita</strong></span> 
     </span>
     <span class='ocr_line' id='line_1_38' title="bbox 221 1616 526 1657; baseline 0.007 -9"><span class='ocrx_word' id='word_1_133' title='bbox 221 1616 317 1648; x_wconf 82' lang='lat' dir='ltr'><strong>Plene</strong></span> <span class='ocrx_word' id='word_1_134' title='bbox 340 1618 526 1657; x_wconf 78' lang='lat' dir='ltr'><strong>gratuletur.</strong></span> 
     </span>
    </p>
   </div>
   <div class='ocr_carea' id='block_1_17' title="bbox 165 1691 584 2058">
    <p class='ocr_par' dir='ltr' id='par_1_17' title="bbox 165 1691 584 2058">
     <span class='ocr_line' id='line_1_39' title="bbox 165 1691 474 1724; baseline 0 -1"><span class='ocrx_word' id='word_1_135' title='bbox 165 1693 194 1723; x_wconf 86' lang='lat'><strong>2.</strong></span> <span class='ocrx_word' id='word_1_136' title='bbox 219 1691 302 1723; x_wconf 81' lang='lat' dir='ltr'><strong>Fide</strong></span> <span class='ocrx_word' id='word_1_137' title='bbox 325 1692 474 1724; x_wconf 87' lang='lat' dir='ltr'><strong>trinitatis</strong></span> 
     </span>
     <span class='ocr_line' id='line_1_40' title="bbox 221 1737 521 1781; baseline 0.007 -12"><span class='ocrx_word' id='word_1_138' title='bbox 221 1737 323 1769; x_wconf 86' lang='lat' dir='ltr'><strong>Docta</strong></span> <span class='ocrx_word' id='word_1_139' title='bbox 348 1738 521 1781; x_wconf 84' lang='lat' dir='ltr'><strong>domicella,</strong></span> 
     </span>
     <span class='ocr_line' id='line_1_41' title="bbox 220 1783 484 1825; baseline 0.008 -10"><span class='ocrx_word' id='word_1_140' title='bbox 220 1783 360 1816; x_wconf 83' lang='lat' dir='ltr'><strong>Infidelis</strong></span> <span class='ocrx_word' id='word_1_141' title='bbox 385 1786 484 1825; x_wconf 88' lang='lat' dir='ltr'><strong>patris</strong></span> 
     </span>
     <span class='ocr_line' id='line_1_42' title="bbox 221 1831 559 1873; baseline 0.006 -11"><span class='ocrx_word' id='word_1_142' title='bbox 221 1831 292 1862; x_wconf 81' lang='lat' dir='ltr'><strong>Non</strong></span> <span class='ocrx_word' id='word_1_143' title='bbox 317 1836 443 1864; x_wconf 85' lang='lat' dir='ltr'><strong>veretur</strong></span> <span class='ocrx_word' id='word_1_144' title='bbox 465 1833 559 1873; x_wconf 81' lang='lat' dir='ltr'><strong>bella,</strong></span> 
     </span>
     <span class='ocr_line' id='line_1_43' title="bbox 221 1878 514 1919; baseline 0.007 -10"><span class='ocrx_word' id='word_1_145' title='bbox 221 1878 310 1909; x_wconf 85' lang='lat' dir='ltr'><strong>Haec</strong></span> <span class='ocrx_word' id='word_1_146' title='bbox 333 1878 514 1919; x_wconf 80' lang='lat' dir='ltr'><strong>fragilitatis</strong></span> 
     </span>
     <span class='ocr_line' id='line_1_44' title="bbox 221 1924 584 1965; baseline 0.006 -10"><span class='ocrx_word' id='word_1_147' title='bbox 221 1924 290 1955; x_wconf 82' lang='lat' dir='ltr'><strong>Nec</strong></span> <span class='ocrx_word' id='word_1_148' title='bbox 311 1926 420 1958; x_wconf 84' lang='lat' dir='ltr'><strong>mundi</strong></span> <span class='ocrx_word' id='word_1_149' title='bbox 443 1926 584 1965; x_wconf 80' lang='lat' dir='ltr'><strong>procella</strong></span> 
     </span>
     <span class='ocr_line' id='line_1_45' title="bbox 221 1970 493 2012; baseline 0.007 -10"><span class='ocrx_word' id='word_1_150' title='bbox 221 1970 371 2010; x_wconf 81' lang='lat' dir='ltr'><strong>Superari</strong></span> <span class='ocrx_word' id='word_1_151' title='bbox 395 1973 493 2012; x_wconf 83' lang='lat' dir='ltr'><strong>gratis</strong></span> 
     </span>
     <span class='ocr_line' id='line_1_46' title="bbox 222 2017 465 2058; baseline 0.012 -10"><span class='ocrx_word' id='word_1_152' title='bbox 222 2017 329 2049; x_wconf 78' lang='lat' dir='ltr'><strong>Voluit</strong></span> <span class='ocrx_word' id='word_1_153' title='bbox 348 2019 465 2058; x_wconf 83' lang='lat' dir='ltr'><strong>puella.</strong></span> 
     </span>
    </p>
   </div>
   <div class='ocr_carea' id='block_1_18' title="bbox 834 1292 1224 1326">
    <p class='ocr_par' dir='ltr' id='par_1_18' title="bbox 834 1292 1224 1326">
     <span class='ocr_line' id='line_1_47' title="bbox 834 1292 1224 1326; baseline -0.003 -1"><span class='ocrx_word' id='word_1_154' title='bbox 834 1294 864 1326; x_wconf 84' lang='lat'><strong>3.</strong></span> <span class='ocrx_word' id='word_1_155' title='bbox 891 1292 977 1324; x_wconf 89' lang='lat' dir='ltr'><strong>Diris</strong></span> <span class='ocrx_word' id='word_1_156' title='bbox 1002 1292 1035 1323; x_wconf 93' lang='lat' dir='ltr'><strong>in</strong></span> <span class='ocrx_word' id='word_1_157' title='bbox 1059 1293 1224 1324; x_wconf 83' lang='lat' dir='ltr'><strong>tormentis</strong></span> 
     </span>
    </p>
   </div>
   <div class='ocr_carea' id='block_1_19' title="bbox 889 1339 1248 1653">
    <p class='ocr_par' dir='ltr' id='par_1_19' title="bbox 891 1339 1145 1371">
     <span class='ocr_line' id='line_1_48' title="bbox 891 1339 1145 1371; baseline 0 0"><span class='ocrx_word' id='word_1_158' title='bbox 891 1339 982 1371; x_wconf 85' lang='lat' dir='ltr'><strong>Sistit</strong></span> <span class='ocrx_word' id='word_1_159' title='bbox 1006 1340 1145 1371; x_wconf 83' lang='lat' dir='ltr'><strong>cruciata</strong></span> 
     </span>
    </p>

    <p class='ocr_par' dir='ltr' id='par_1_20' title="bbox 889 1385 1248 1653">
     <span class='ocr_line' id='line_1_49' title="bbox 889 1385 1193 1418; baseline 0 -1"><span class='ocrx_word' id='word_1_160' title='bbox 889 1385 934 1418; x_wconf 85' lang='lat' dir='ltr'><strong>Et</strong></span> <span class='ocrx_word' id='word_1_161' title='bbox 957 1395 974 1417; x_wconf 87' lang='lat' dir='ltr'><strong>a</strong></span> <span class='ocrx_word' id='word_1_162' title='bbox 1000 1387 1193 1418; x_wconf 85' lang='lat' dir='ltr'><strong>vestimentis</strong></span> 
     </span>
     <span class='ocr_line' id='line_1_50' title="bbox 890 1432 1163 1475; baseline 0.004 -11"><span class='ocrx_word' id='word_1_163' title='bbox 890 1432 970 1464; x_wconf 86' lang='lat' dir='ltr'><strong>Tota</strong></span> <span class='ocrx_word' id='word_1_164' title='bbox 996 1432 1163 1475; x_wconf 82' lang='lat' dir='ltr'><strong>denudata,</strong></span> 
     </span>
     <span class='ocr_line' id='line_1_51' title="bbox 894 1478 1248 1512; baseline 0 -1"><span class='ocrx_word' id='word_1_165' title='bbox 894 1478 957 1511; x_wconf 84' lang='lat' dir='ltr'><strong>Sed</strong></span> <span class='ocrx_word' id='word_1_166' title='bbox 983 1483 1031 1511; x_wconf 83' lang='lat' dir='ltr'><strong>est</strong></span> <span class='ocrx_word' id='word_1_167' title='bbox 1056 1480 1248 1512; x_wconf 84' lang='lat' dir='ltr'><strong>documentis</strong></span> 
     </span>
     <span class='ocr_line' id='line_1_52' title="bbox 894 1525 1204 1559; baseline 0.006 -2"><span class='ocrx_word' id='word_1_168' title='bbox 894 1525 1011 1558; x_wconf 83' lang='lat' dir='ltr'><strong>Christi</strong></span> <span class='ocrx_word' id='word_1_169' title='bbox 1034 1526 1204 1559; x_wconf 82' lang='lat' dir='ltr'><strong>informata</strong></span> 
     </span>
     <span class='ocr_line' id='line_1_53' title="bbox 889 1572 1192 1606; baseline 0.007 -3"><span class='ocrx_word' id='word_1_170' title='bbox 889 1572 934 1604; x_wconf 87' lang='lat' dir='ltr'><strong>Et</strong></span> <span class='ocrx_word' id='word_1_171' title='bbox 956 1573 1192 1606; x_wconf 76' lang='lat' dir='ltr'><strong>medicamentis</strong></span> 
     </span>
     <span class='ocr_line' id='line_1_54' title="bbox 890 1619 1176 1653; baseline 0.007 -2"><span class='ocrx_word' id='word_1_172' title='bbox 890 1619 972 1652; x_wconf 74' lang='lat' dir='ltr'><strong>Tota</strong></span> <span class='ocrx_word' id='word_1_173' title='bbox 994 1619 1176 1653; x_wconf 77' lang='lat' dir='ltr'><strong>reformata.</strong></span> 
     </span>
    </p>
   </div>
   <div class='ocr_carea' id='block_1_20' title="bbox 858 1695 1208 1729">
    <p class='ocr_par' dir='ltr' id='par_1_21' title="bbox 858 1695 1208 1729">
     <span class='ocr_line' id='line_1_55' title="bbox 858 1695 1208 1729; baseline 0.006 -3"><span class='ocrx_word' id='word_1_174' title='bbox 858 1720 865 1727; x_wconf 91' lang='lat'><strong>.</strong></span> <span class='ocrx_word' id='word_1_175' title='bbox 891 1695 980 1727; x_wconf 86' lang='lat' dir='ltr'><strong>Patri</strong></span> <span class='ocrx_word' id='word_1_176' title='bbox 1002 1697 1033 1727; x_wconf 92' lang='lat' dir='ltr'><strong>in</strong></span> <span class='ocrx_word' id='word_1_177' title='bbox 1056 1696 1117 1728; x_wconf 83' lang='lat' dir='ltr'><strong>hac</strong></span> <span class='ocrx_word' id='word_1_178' title='bbox 1141 1696 1208 1729; x_wconf 86' lang='lat' dir='ltr'><strong>vita</strong></span> 
     </span>
    </p>
   </div>
   <div class='ocr_carea' id='block_1_21' title="bbox 891 1741 1274 2055">
    <p class='ocr_par' dir='ltr' id='par_1_22' title="bbox 891 1741 1274 2055">
     <span class='ocr_line' id='line_1_56' title="bbox 892 1741 1168 1781; baseline 0.007 -8"><span class='ocrx_word' id='word_1_179' title='bbox 892 1741 1001 1774; x_wconf 80' lang='lat' dir='ltr'><strong>Gloria</strong></span> <span class='ocrx_word' id='word_1_180' title='bbox 1026 1743 1168 1781; x_wconf 86' lang='lat' dir='ltr'><strong>donetur,</strong></span> 
     </span>
     <span class='ocr_line' id='line_1_57' title="bbox 893 1788 1228 1822; baseline 0.003 -1"><span class='ocrx_word' id='word_1_181' title='bbox 893 1788 1016 1821; x_wconf 86' lang='lat' dir='ltr'><strong>Christo</strong></span> <span class='ocrx_word' id='word_1_182' title='bbox 1039 1798 1158 1821; x_wconf 87' lang='lat' dir='ltr'><strong>summo</strong></span> <span class='ocrx_word' id='word_1_183' title='bbox 1181 1791 1228 1822; x_wconf 83' lang='lat' dir='ltr'><strong>ita</strong></span> 
     </span>
     <span class='ocr_line' id='line_1_58' title="bbox 892 1835 1195 1877; baseline 0 -10"><span class='ocrx_word' id='word_1_184' title='bbox 892 1835 936 1867; x_wconf 75' lang='lat' dir='ltr'><strong>Et</strong></span> <span class='ocrx_word' id='word_1_185' title='bbox 959 1836 1195 1877; x_wconf 81' lang='lat' dir='ltr'><strong>multiplicetur,</strong></span> 
     </span>
     <span class='ocr_line' id='line_1_59' title="bbox 892 1882 1274 1922; baseline 0.005 -9"><span class='ocrx_word' id='word_1_186' title='bbox 892 1882 976 1914; x_wconf 86' lang='lat' dir='ltr'><strong>Laus</strong></span> <span class='ocrx_word' id='word_1_187' title='bbox 1000 1883 1147 1922; x_wconf 86' lang='lat' dir='ltr'><strong>perennis</strong></span> <span class='ocrx_word' id='word_1_188' title='bbox 1172 1892 1274 1922; x_wconf 85' lang='lat' dir='ltr'><strong>prona</strong></span> 
     </span>
     <span class='ocr_line' id='line_1_60' title="bbox 894 1929 1159 1968; baseline 0 -8"><span class='ocrx_word' id='word_1_189' title='bbox 894 1929 1009 1960; x_wconf 81' lang='lat' dir='ltr'><strong>Sancto</strong></span> <span class='ocrx_word' id='word_1_190' title='bbox 1033 1929 1159 1968; x_wconf 84' lang='lat' dir='ltr'><strong>spiritui</strong></span> 
     </span>
     <span class='ocr_line' id='line_1_61' title="bbox 892 1975 1203 2015; baseline 0.006 -9"><span class='ocrx_word' id='word_1_191' title='bbox 892 1975 996 2007; x_wconf 82' lang='lat' dir='ltr'><strong>Corde</strong></span> <span class='ocrx_word' id='word_1_192' title='bbox 1016 1979 1203 2015; x_wconf 81' lang='lat' dir='ltr'><strong>personetur</strong></span> 
     </span>
     <span class='ocr_line' id='line_1_62' title="bbox 891 2021 1195 2055; baseline 0.007 -2"><span class='ocrx_word' id='word_1_193' title='bbox 891 2021 1025 2053; x_wconf 71' lang='lat' dir='ltr'><strong>Sanctae</strong></span> <span class='ocrx_word' id='word_1_194' title='bbox 1048 2022 1195 2055; x_wconf 80' lang='lat' dir='ltr'><strong>trinitati.</strong></span> 
     </span>
    </p>
   </div>
   <div class='ocr_carea' id='block_1_22' title="bbox 163 2082 1455 2344">
    <p class='ocr_par' dir='ltr' id='par_1_23' title="bbox 163 2082 1455 2344">
     <span class='ocr_line' id='line_1_63' title="bbox 239 2082 1453 2122; baseline 0.006 -14"><span class='ocrx_word' id='word_1_195' title='bbox 239 2082 323 2108; x_wconf 80' lang='lat' dir='ltr'><strong>Brev.</strong></span> <span class='ocrx_word' id='word_1_196' title='bbox 352 2091 404 2109; x_wconf 89' lang='lat' dir='ltr'><strong>ms.</strong></span> <span class='ocrx_word' id='word_1_197' title='bbox 432 2083 696 2119; x_wconf 77' lang='lat' dir='ltr'><strong>Compostcllanum</strong></span> <span class='ocrx_word' id='word_1_198' title='bbox 726 2093 799 2112; x_wconf 81' lang='lat' dir='ltr'><strong>saec.</strong></span> <span class='ocrx_word' id='word_1_199' title='bbox 831 2083 876 2112; x_wconf 82' lang='lat'><strong>15.</strong></span> <span class='ocrx_word' id='word_1_200' title='bbox 904 2084 972 2112; x_wconf 78' lang='lat' dir='ltr'><strong>Coo.</strong></span> <span class='ocrx_word' id='word_1_201' title='bbox 999 2085 1092 2121; x_wconf 77' lang='lat' dir='ltr'><strong>Capit.</strong></span> <span class='ocrx_word' id='word_1_202' title='bbox 1120 2086 1348 2122; x_wconf 81' lang='lat' dir='ltr'><strong>Compostellani</strong></span> <span class='ocrx_word' id='word_1_203' title='bbox 1375 2096 1398 2114; x_wconf 89' lang='lat' dir='ltr'><strong>s.</strong></span> <span class='ocrx_word' id='word_1_204' title='bbox 1425 2096 1453 2115; x_wconf 84' lang='lat' dir='ltr'><strong>n.</strong></span> 
     </span>
     <span class='ocr_line' id='line_1_64' title="bbox 163 2119 1447 2157; baseline 0.005 -13"><span class='ocrx_word' id='word_1_205' title='bbox 163 2119 197 2144; x_wconf 82' lang='lat' dir='ltr'><strong>A.</strong></span> <span class='ocrx_word' id='word_1_206' title='bbox 218 2133 254 2138; x_wconf 86' lang='lat'><strong>—-</strong></span> <span class='ocrx_word' id='word_1_207' title='bbox 274 2119 356 2146; x_wconf 67' lang='lat' dir='ltr'><strong>BreV.</strong></span> <span class='ocrx_word' id='word_1_208' title='bbox 377 2120 547 2155; x_wconf 78' lang='lat' dir='ltr'><strong>Urgellense</strong></span> <span class='ocrx_word' id='word_1_209' title='bbox 566 2121 634 2157; x_wconf 86' lang='lat' dir='ltr'><strong>imp.</strong></span> <span class='ocrx_word' id='word_1_210' title='bbox 654 2121 784 2149; x_wconf 82' lang='lat' dir='ltr'><strong>Venetiis</strong></span> <span class='ocrx_word' id='word_1_211' title='bbox 808 2120 888 2150; x_wconf 80' lang='lat'><strong>1487.</strong></span> <span class='ocrx_word' id='word_1_212' title='bbox 908 2122 941 2149; x_wconf 77' lang='grc' dir='ltr'><strong>Β.</strong></span> <span class='ocrx_word' id='word_1_213' title='bbox 964 2140 997 2143; x_wconf 93' lang='grc'><strong>--</strong></span> <span class='ocrx_word' id='word_1_214' title='bbox 1019 2121 1043 2156; x_wconf 80' lang='grc'><strong>1,</strong></span> <span class='ocrx_word' id='word_1_215' title='bbox 1066 2121 1081 2150; x_wconf 84' lang='grc'>1</span> <span class='ocrx_word' id='word_1_216' title='bbox 1100 2123 1215 2152; x_wconf 77' lang='lat' dir='ltr'><strong>Gaudet</strong></span> <span class='ocrx_word' id='word_1_217' title='bbox 1232 2124 1346 2152; x_wconf 75' lang='lat' dir='ltr'><strong>infanta</strong></span> <span class='ocrx_word' id='word_1_218' title='bbox 1364 2125 1397 2153; x_wconf 83' lang='lat' dir='ltr'><strong>B.</strong></span> <span class='ocrx_word' id='word_1_219' title='bbox 1429 2143 1447 2146; x_wconf 96' lang='lat'><em>-</em></span> 
     </span>
     <span class='ocr_line' id='line_1_65' title="bbox 167 2155 1454 2195; baseline 0.006 -13"><span class='ocrx_word' id='word_1_220' title='bbox 167 2155 196 2189; x_wconf 89' lang='lat'><strong>1,</strong></span> <span class='ocrx_word' id='word_1_221' title='bbox 217 2157 234 2182; x_wconf 67' lang='lat' dir='ltr'><strong>,j</strong></span> <span class='ocrx_word' id='word_1_222' title='bbox 254 2164 296 2192; x_wconf 83' lang='lat' dir='ltr'><strong>sq.</strong></span> <span class='ocrx_word' id='word_1_223' title='bbox 316 2157 351 2184; x_wconf 90' lang='lat' dir='ltr'><strong>In</strong></span> <span class='ocrx_word' id='word_1_224' title='bbox 365 2157 481 2185; x_wconf 85' lang='lat' dir='ltr'><strong>coelesti</strong></span> <span class='ocrx_word' id='word_1_225' title='bbox 502 2159 655 2186; x_wconf 70' lang='lat' dir='ltr'><strong>sanctitate</strong></span> <span class='ocrx_word' id='word_1_226' title='bbox 674 2159 796 2186; x_wconf 77' lang='lat' dir='ltr'><strong>laetetur</strong></span> <span class='ocrx_word' id='word_1_227' title='bbox 815 2159 847 2187; x_wconf 94' lang='lat' dir='ltr'><strong>B.</strong></span> <span class='ocrx_word' id='word_1_228' title='bbox 867 2174 905 2178; x_wconf 90' lang='lat'>—</span> <span class='ocrx_word' id='word_1_229' title='bbox 927 2158 955 2193; x_wconf 85' lang='lat'><strong>1,</strong></span> <span class='ocrx_word' id='word_1_230' title='bbox 976 2157 994 2186; x_wconf 85' lang='grc'>8</span> <span class='ocrx_word' id='word_1_231' title='bbox 1015 2159 1108 2187; x_wconf 81' lang='lat' dir='ltr'><strong>Plena</strong></span> <span class='ocrx_word' id='word_1_232' title='bbox 1126 2161 1158 2188; x_wconf 89' lang='lat' dir='ltr'><strong>B.</strong></span> <span class='ocrx_word' id='word_1_233' title='bbox 1179 2176 1215 2180; x_wconf 89' lang='lat'><strong>—</strong></span> <span class='ocrx_word' id='word_1_234' title='bbox 1236 2159 1268 2195; x_wconf 83' lang='lat'><strong>2,</strong></span> <span class='ocrx_word' id='word_1_235' title='bbox 1289 2161 1309 2189; x_wconf 85' lang='lat'>4</span> <span class='ocrx_word' id='word_1_236' title='bbox 1326 2165 1454 2190; x_wconf 74' lang='lat' dir='ltr'><strong>vertetur</strong></span> 
     </span>
     <span class='ocr_line' id='line_1_66' title="bbox 168 2193 1455 2232; baseline 0.007 -14"><span class='ocrx_word' id='word_1_237' title='bbox 168 2193 264 2226; x_wconf 63' lang='lat' dir='ltr'><strong>put-lla</strong></span> <span class='ocrx_word' id='word_1_238' title='bbox 279 2195 311 2221; x_wconf 90' lang='grc' dir='ltr'><strong>Β.</strong></span> <span class='ocrx_word' id='word_1_239' title='bbox 331 2206 368 2213; x_wconf 42' lang='grc' dir='ltr'><strong>-κ</strong></span> <span class='ocrx_word' id='word_1_240' title='bbox 388 2193 413 2230; x_wconf 83' lang='grc'><strong>2,</strong></span> <span class='ocrx_word' id='word_1_241' title='bbox 434 2193 508 2223; x_wconf 74' lang='grc'><strong>5-8</strong></span> <span class='ocrx_word' id='word_1_242' title='bbox 527 2195 623 2223; x_wconf 81' lang='lat' dir='ltr'><strong>fehlen</strong></span> <span class='ocrx_word' id='word_1_243' title='bbox 642 2197 674 2223; x_wconf 86' lang='grc' dir='ltr'><strong>Β.</strong></span> <span class='ocrx_word' id='word_1_244' title='bbox 695 2212 732 2217; x_wconf 85' lang='grc'><strong>-</strong></span> <span class='ocrx_word' id='word_1_245' title='bbox 752 2195 776 2229; x_wconf 76' lang='lat'><strong>2,</strong></span> <span class='ocrx_word' id='word_1_246' title='bbox 797 2197 815 2224; x_wconf 73' lang='lat'><strong>8</strong></span> <span class='ocrx_word' id='word_1_247' title='bbox 836 2196 937 2224; x_wconf 82' lang='lat' dir='ltr'><strong>Voluit</strong></span> <span class='ocrx_word' id='word_1_248' title='bbox 956 2197 1029 2224; x_wconf 78' lang='lat' dir='ltr'><strong>haec</strong></span> <span class='ocrx_word' id='word_1_249' title='bbox 1048 2198 1154 2232; x_wconf 86' lang='lat' dir='ltr'><strong>puella.</strong></span> <span class='ocrx_word' id='word_1_250' title='bbox 1178 2214 1189 2218; x_wconf 91' lang='lat'><em>-</em></span> <span class='ocrx_word' id='word_1_251' title='bbox 1233 2199 1259 2231; x_wconf 84' lang='lat'><strong>3,</strong></span> <span class='ocrx_word' id='word_1_252' title='bbox 1281 2197 1298 2225; x_wconf 88' lang='grc'><em>5</em></span> <span class='ocrx_word' id='word_1_253' title='bbox 1320 2202 1363 2227; x_wconf 82' lang='lat' dir='ltr'><strong>cst</strong></span> <span class='ocrx_word' id='word_1_254' title='bbox 1383 2200 1455 2227; x_wconf 80' lang='lat' dir='ltr'><strong>fehlt</strong></span> 
     </span>
     <span class='ocr_line' id='line_1_67' title="bbox 166 2229 1453 2267; baseline 0.007 -11"><span class='ocrx_word' id='word_1_255' title='bbox 166 2230 197 2256; x_wconf 77' lang='lat' dir='ltr'><strong>B.</strong></span> <span class='ocrx_word' id='word_1_256' title='bbox 222 2245 260 2250; x_wconf 84' lang='lat'><strong>—</strong></span> <span class='ocrx_word' id='word_1_257' title='bbox 285 2229 317 2262; x_wconf 84' lang='lat'><strong>3,</strong></span> <span class='ocrx_word' id='word_1_258' title='bbox 344 2232 362 2259; x_wconf 68' lang='lat'>8</span> <span class='ocrx_word' id='word_1_259' title='bbox 380 2233 455 2260; x_wconf 79' lang='lat' dir='ltr'><strong>Tota</strong></span> <span class='ocrx_word' id='word_1_260' title='bbox 479 2233 625 2261; x_wconf 70' lang='lat' dir='ltr'><strong>denudata</strong></span> <span class='ocrx_word' id='word_1_261' title='bbox 644 2234 675 2261; x_wconf 81' lang='lat' dir='ltr'><strong>B.</strong></span> <span class='ocrx_word' id='word_1_262' title='bbox 703 2248 740 2253; x_wconf 85' lang='lat'><strong>———</strong></span> <span class='ocrx_word' id='word_1_263' title='bbox 759 2233 814 2262; x_wconf 83' lang='lat' dir='ltr'><strong>Str.</strong></span> <span class='ocrx_word' id='word_1_264' title='bbox 841 2233 860 2261; x_wconf 84' lang='lat'>4</span> <span class='ocrx_word' id='word_1_265' title='bbox 885 2234 958 2261; x_wconf 77' lang='lat' dir='ltr'><strong>fehlt</strong></span> <span class='ocrx_word' id='word_1_266' title='bbox 976 2234 1014 2267; x_wconf 64' lang='lat' dir='ltr'><strong>B:</strong></span> <span class='ocrx_word' id='word_1_267' title='bbox 1043 2235 1126 2263; x_wconf 73' lang='lat' dir='ltr'><strong>dafiir</strong></span> <span class='ocrx_word' id='word_1_268' title='bbox 1144 2244 1213 2263; x_wconf 81' lang='lat' dir='ltr'><strong>nur:</strong></span> <span class='ocrx_word' id='word_1_269' title='bbox 1241 2237 1287 2263; x_wconf 70' lang='lat' dir='ltr'><strong>Sit</strong></span> <span class='ocrx_word' id='word_1_270' title='bbox 1304 2237 1370 2264; x_wconf 83' lang='lat' dir='ltr'><strong>laus</strong></span> <span class='ocrx_word' id='word_1_271' title='bbox 1390 2237 1453 2265; x_wconf 86' lang='lat' dir='ltr'><strong>Deo</strong></span> 
     </span>
     <span class='ocr_line' id='line_1_68' title="bbox 166 2269 1455 2309; baseline 0.005 -15"><span class='ocrx_word' id='word_1_272' title='bbox 166 2269 253 2301; x_wconf 80' lang='lat' dir='ltr'><strong>pat1-i;</strong></span> <span class='ocrx_word' id='word_1_273' title='bbox 280 2270 310 2295; x_wconf 90' lang='lat' dir='ltr'><strong>in</strong></span> <span class='ocrx_word' id='word_1_274' title='bbox 332 2270 354 2296; x_wconf 92' lang='lat' dir='ltr'>B</span> <span class='ocrx_word' id='word_1_275' title='bbox 379 2270 419 2296; x_wconf 83' lang='lat' dir='ltr'><strong>ist</strong></span> <span class='ocrx_word' id='word_1_276' title='bbox 442 2270 493 2297; x_wconf 79' lang='lat' dir='ltr'><strong>das</strong></span> <span class='ocrx_word' id='word_1_277' title='bbox 514 2271 586 2298; x_wconf 78' lang='lat' dir='ltr'><strong>Lied</strong></span> <span class='ocrx_word' id='word_1_278' title='bbox 605 2271 732 2299; x_wconf 69' lang='lat' dir='ltr'><strong>niimlich</strong></span> <span class='ocrx_word' id='word_1_279' title='bbox 751 2273 781 2298; x_wconf 85' lang='lat' dir='ltr'><strong>iu</strong></span> <span class='ocrx_word' id='word_1_280' title='bbox 800 2272 967 2306; x_wconf 79' lang='lat' dir='ltr'><strong>vierzeilige</strong></span> <span class='ocrx_word' id='word_1_281' title='bbox 987 2271 1131 2307; x_wconf 78' lang='lat' dir='ltr'><strong>Strophen</strong></span> <span class='ocrx_word' id='word_1_282' title='bbox 1150 2274 1296 2309; x_wconf 71' lang='lat' dir='ltr'><strong>angeteilt.</strong></span> <span class='ocrx_word' id='word_1_283' title='bbox 1320 2289 1352 2293; x_wconf 90' lang='lat'>-</span> <span class='ocrx_word' id='word_1_284' title='bbox 1373 2273 1407 2309; x_wconf 81' lang='lat'><strong>4,</strong></span> <span class='ocrx_word' id='word_1_285' title='bbox 1438 2274 1455 2301; x_wconf 79' lang='lat'>5</span> 
     </span>
     <span class='ocr_line' id='line_1_69' title="bbox 164 2305 1133 2344; baseline 0.006 -14"><span class='ocrx_word' id='word_1_286' title='bbox 164 2306 191 2330; x_wconf 84' lang='lat' dir='ltr'><strong>ff.</strong></span> <span class='ocrx_word' id='word_1_287' title='bbox 212 2305 348 2333; x_wconf 80' lang='lat' dir='ltr'><strong>scheinen</strong></span> <span class='ocrx_word' id='word_1_288' title='bbox 368 2306 432 2334; x_wconf 85' lang='lat' dir='ltr'><strong>dem</strong></span> <span class='ocrx_word' id='word_1_289' title='bbox 450 2307 572 2335; x_wconf 82' lang='lat' dir='ltr'><strong>Dichter</strong></span> <span class='ocrx_word' id='word_1_290' title='bbox 592 2309 641 2335; x_wconf 83' lang='lat' dir='ltr'><strong>die</strong></span> <span class='ocrx_word' id='word_1_291' title='bbox 660 2309 761 2336; x_wconf 76' lang='lat' dir='ltr'><strong>Reime</strong></span> <span class='ocrx_word' id='word_1_292' title='bbox 781 2317 986 2344; x_wconf 76' lang='lat' dir='ltr'><strong>ausgegaugen</strong></span> <span class='ocrx_word' id='word_1_293' title='bbox 1005 2318 1042 2336; x_wconf 85' lang='lat' dir='ltr'><strong>zu</strong></span> <span class='ocrx_word' id='word_1_294' title='bbox 1062 2312 1133 2337; x_wconf 81' lang='lat' dir='ltr'><strong>sein.</strong></span> 
     </span>
    </p>
   </div>
  </div>
 </body>
</html>
