1651 2518
779 120 1011 154 „94-

258 219 288 250 3.
312 217 458 257 Apostoli
482 217 633 248 solemnia
929 217 959 248 5.
985 215 1048 247 Hic
1073 218 1123 247 est
1144 215 1233 246 miles
1258 214 1427 255 glorificus,

314 264 548 296 Bartholomaei
571 263 679 295 militis
987 262 1113 294 Amicus
1137 262 1199 293 Dei
1218 261 1356 303 nimium,

314 310 418 351 Digna
444 318 503 342 nec
525 319 587 343 non
611 309 779 349 praeconia
985 308 1211 348 Supplantator
1234 308 1383 348 pacificus

315 357 476 397 Fulgentis
498 357 617 396 magnis
640 356 771 390 meritis,
984 356 1183 388 Inimicorum
1208 356 1354 388 omnium.

257 414 288 445 4.
315 411 377 453 Qui
400 413 495 445 hodie
519 412 697 444 certaminis
929 413 959 444 6.
988 411 1112 443 Catenis
1138 414 1170 442 et
1193 411 1361 442 virtutibus

314 460 457 498 Adeptus
481 468 539 498 per
561 459 744 498 martyrium
987 460 1136 490 Premens
1162 466 1215 489 eos
1239 458 1384 499 viriliter,

316 507 468 538 Coronam
491 505 734 545 pulchritudinis
985 505 1034 536 Ne
1058 505 1122 537 suis
1146 504 1353 543 potestatibus

314 552 407 592 Regit
431 552 518 591 regni
539 552 730 591 mysterium.
983 551 1191 583 Dominentur
1216 551 1400 584 sublimiter.

694 609 725 639 ’7.
751 607 816 641 Uni
838 606 905 638 Deo
931 608 973 638 sit
995 607 1143 647 gaudium

750 654 890 693 Ejusque
910 654 982 692 pari
1005 653 1081 694 filio,

750 701 843 740 Laus,
868 700 968 732 honor
992 703 1023 732 et
1047 700 1218 740 tripudium

746 748 822 779 Alto
847 747 970 779 sedenti
993 748 1080 779 solio.

331 812 413 838 Brev.
434 810 697 846 Compostellanum
717 813 784 847 imp.
804 809 978 847 Ulisiponae
998 810 1078 839 1497.
1099 812 1132 839 A.
1153 826 1188 830 —
1209 812 1291 838 Brev.
1312 811 1452 839 Auriense
1474 811 1541 846 imp.

256 848 449 876 selmanfflac
471 847 550 876 1⁵01.
574 849 604 876 B.
624 863 661 867 —-
684 848 707 882 1,
729 847 745 876 ΕΞ
765 856 853 876 manu
871 850 905 875 A.
926 863 961 867 -—
982 847 1008 882 2,
1028 847 1045 875 2
1066 848 1193 877 resultet.
1207 848 1265 875 AB.
1280 863 1316 867 —
1336 848 1361 882 7,
1382 847 1400 875 2
1413 848 1542 884 Ejusque

255 887 332 921 patri
352 885 408 913 filie
437 887 473 915 A:
493 886 623 921 Ejusque
643 888 718 920 patri
738 889 767 914 et
784 885 845 914 filio
864 887 899 913 B.
920 900 956 904 -—
976 886 1002 920 7,
1026 885 1045 914 4
1064 887 1125 914 Alti
1145 886 1255 913 sedenti
1276 887 1311 912 A.

636 1004 695 1035 135.
738 1005 777 1036 De
796 1004 900 1035 sancto
921 1004 1162 1036 Bartholomaeo.

768 1069 816 1100 Ad
834 1070 1020 1100 Nocturnum.

257 1138 286 1171 1.
314 1138 423 1179 Surge,
449 1141 549 1170 mater
574 1139 715 1178 ecclesia,
925 1141 956 1172 4.
983 1139 1044 1170 Hic
1069 1143 1117 1171 est
1140 1138 1229 1169 miles
1254 1137 1451 1181 fortissimus,

312 1185 406 1216 Tanti
430 1184 589 1225 refulgens
613 1186 702 1217 radio
978 1186 1116 1225 AdJutor
1141 1187 1250 1223 potens
1273 1185 1418 1227 gentium,

311 1231 513 1270 Luminisque
536 1232 667 1263 tristitia
985 1232 1117 1264 Sanctus
1143 1234 1175 1261 et
1199 1229 1406 1274 beatissimus,

313 1278 451 1317 Repulsa
473 1279 508 1309 in
530 1278 670 1317 tripudio
982 1279 1171 1310 Miserorum
1195 1278 1350 1309 solatium.

254 1334 284 1364 2.
313 1334 467 1373 Organiza
490 1334 670 1365 solemniter
925 1337 955 1366 5.
980 1335 1238 1366 Bartholomaeus
1262 1335 1395 1374 nomine,

313 1379 410 1412 Gesta
433 1381 570 1420 potentis
595 1379 713 1420 famuli,
981 1381 1109 1413 Honore
1133 1381 1272 1419 aequalis
1298 1382 1415 1421 angelis

311 1427 366 1465 Qui
391 1427 485 1459 hodie
509 1427 684 1458 sublimiter
981 1428 1023 1459 Et
1047 1428 1148 1466 major
1172 1428 1256 1458 omni
1280 1428 1413 1468 homine,

312 1473 434 1505 Corona
457 1474 571 1513 gaudet
595 1474 704 1506 nobili.
981 1474 1118 1506 Locatur
1144 1482 1212 1504 cum
1238 1475 1396 1513 apostolis.

253 1529 283 1561 3.
310 1529 534 1568 Apostolorum
558 1528 663 1561 facula
925 1531 955 1563 6.
983 1530 1045 1562 Uni
1068 1529 1136 1561 Deo
1161 1530 1202 1560 sit
1227 1530 1374 1569 gaudium

310 1576 418 1607 Palma
442 1576 556 1608 ardens
582 1577 731 1608 victoriae
982 1577 1122 1616 Ejusque
1145 1576 1214 1614 pari
1239 1575 1313 1616 filio,

309 1622 468 1662 Totusque
495 1623 563 1654 sine
586 1624 710 1655 macula
982 1623 1076 1663 Laus,
1101 1623 1201 1654 honor
1226 1626 1259 1654 et
1282 1623 1457 1663 tripudium

310 1669 403 1701 Miles
428 1669 464 1701 fit.
488 1670 564 1701 coeli
592 1670 704 1702 curiae.
980 1670 1056 1701 Alto
1081 1669 1204 1701 sedenti
1226 1670 1315 1702 solio.

328 1734 402 1760 Brov
432 1734 695 1769 Compostellanum
714 1736 782 1770 imp.
802 1734 975 1768 Ulisiponae
996 1732 1076 1761 1497.
1097 1735 1131 1761 A.
1159 1748 1193 1752 -—-
1215 1734 1298 1762 Brev.
1312 1735 1454 1763 Auriense
1472 1735 1541 1771 imp.

252 1769 447 1799 Salmanticae
467 1769 546 1799 1501.
567 1773 599 1799 Β.
620 1787 653 1790 -
676 1773 839 1805 Doxologie
858 1780 912 1799 nur
930 1772 1082 1807 begonnen
1102 1771 1161 1798 AB.

629 1881 688 1912 136.
726 1882 770 1913 De
789 1882 895 1912 sancto
916 1881 1159 1913 Bartholomaeo.

796 1948 844 1977 Ad
862 1948 988 1977 Laudes.

256 2014 284 2046 1.
309 2015 412 2046 Adest
437 2014 503 2047 dies
527 2015 674 2057 laetitiae,
926 2017 956 2048 3.
986 2015 1120 2058 Gaudet,
1152 2016 1246 2048 immo
1271 2017 1426 2056 tripudiat

310 2062 425 2101 Fulget
448 2070 562 2093 aurora
585 2063 727 2102 rutilans,
981 2063 1075 2095 Tanti
1100 2063 1225 2102 patroni
1245 2072 1383 2105 munere,

310 2108 452 2140 Recessit
475 2117 537 2140 nox
561 2109 710 2141 tristitiae
981 2110 1110 2142 Falsum
1133 2118 1192 2140 nec
1213 2119 1275 2141 non
1300 2110 1448 2149 repudiat

314 2154 433 2186 Chorus
458 2155 585 2187 auditur
608 2157 782 2196 garrulans.
980 2156 1118 2188 Deorum
1142 2165 1254 2195 quasso
1279 2157 1429 2195 pondere.

253 2212 284 2243 2.
310 2210 434 2243 Gaudet
454 2211 519 2251 jam
543 2210 621 2243 fides
646 2213 782 2244 omnium
923 2214 954 2244 4.
982 2212 1081 2250 Quam
1105 2220 1174 2243 cum
1199 2212 1334 2243 intraret
1357 2211 1493 2245 famulus

310 2257 417 2289 Noctis
444 2258 602 2297 deponens
627 2260 741 2302 taedia,
979 2259 1050 2300 Dei,
1077 2262 1182 2290 tacere
1205 2258 1324 2290 idolum

314 2304 412 2344 §Iagis
439 2306 597 2344 deponens
621 2307 756 2338 omnium
980 2306 1208 2345 Praecepitque
1232 2306 1403 2348 apostolus,

312 2350 463 2383 Errorum
490 2352 610 2383 culmen
637 2354 735 2386 India.
981 2352 1108 2384 Dictum
1132 2352 1261 2385 tenebat
1284 2354 1437 2389 sedulum.
