1651 2518
821 124 1054 158 —48-

742 221 771 253 9.
799 217 849 249 Sit.
869 218 938 248 laus
962 218 1030 249 Deo
1055 218 1109 248 uni

798 264 905 303 Trino,
929 263 996 295 Deo
1021 264 1107 302 patri

797 310 1022 349 Pneumatique
1046 310 1153 341 sancto

798 356 913 387 Tribus
938 356 1038 387 honor
1061 364 1150 387 unuS.

368 424 452 450 Brev
479 423 666 449 Valentinum
696 430 764 456 imp.
793 419 918 454 Neapoli
948 416 1028 446 1489.
1058 419 1092 445 A.
1122 434 1159 437 -—
1183 419 1267 446 Brev.
1294 418 1485 445 Valentinum
1515 417 1584 451 imp

292 460 444 487 Valenti-ae
467 457 548 487 1533.
567 460 600 486 B.
621 475 658 479 —
677 457 703 492 3,
724 459 742 486 3
761 457 888 485 Pernula
906 456 940 483 A.
962 470 995 474 —
1017 454 1043 491 5,
1063 455 1083 483 4
1100 456 1239 491 VirgaA.
1255 471 1293 476 —
1312 454 1338 490 9,
1359 453 1586 488 3Neumatique

293 497 327 523 A.
348 513 384 517 —-
405 496 429 530 9,
449 495 470 523 4
487 497 593 523 Trinus
612 496 705 523 honor
724 496 757 523 A.

711 611 761 642 43.
805 610 841 641 In
858 609 1048 642 Visitatione
1069 610 1161 641 MMV.

828 685 877 715 Ad
895 686 1050 723 Vesperas.

295 766 325 798 1.
353 763 599 797 Praecedentem
623 772 680 795 nos
703 764 736 794 in
761 763 813 796 via
972 765 1002 797 5.
1029 764 1076 795 Tu
1101 762 1285 803 praecedas,
1310 770 1367 793 nos
1393 770 1568 802 sequamur,

356 810 473 843 Christi
497 812 631 841 matrem
654 810 813 848 adeamus,
1029 810 1168 842 Visitare
1192 809 1397 849 servitricem,

352 858 397 889 Et
420 861 454 888 ut
477 856 569 889 nobis
597 857 660 888 dux
684 857 727 888 sit.
749 858 813 898 pia,
1030 857 1106 889 Cum
1132 865 1193 895 qua
1215 856 1323 887 Jesum
1347 855 1511 894 fateamus,

351 904 446 936 Dulci
469 903 563 934 laude
589 903 798 935 concinamus.
1029 904 1113 942 Quae
1137 906 1169 934 te
1192 903 1280 935 novit
1304 903 1496 943 genitricem.

296 971 325 1001 2.
355 969 476 1009 Gaude,
503 969 563 1008 via,
591 978 670 1008 quae
694 968 781 1001 fuisti
972 971 1002 1002 6.
1027 969 1165 1002 Matrem
1187 977 1294 1000 veram
1318 969 1419 1008 patris
1444 968 1489 999 tui

352 1016 515 1055 Reparare
537 1016 605 1047 sola
630 1016 724 1055 digna
1029 1017 1076 1048 Te
1100 1016 1276 1055 proclamat
1298 1014 1477 1053 infecunda,

351 1063 505 1094 Mundum
531 1063 653 1102 lapsum
679 1066 710 1093 et
735 1062 852 1094 dedisti
1029 1063 1128 1094 Laeta
1151 1062 1257 1101 proles
1284 1062 1401 1094 ventris
1426 1061 1474 1095 sui

353 1110 460 1141 Vitam
486 1109 594 1152 lapsis,
621 1112 655 1140 tu
679 1109 825 1149 benigna.
1029 1110 1111 1141 Alvo
1137 1109 1254 1148 gaudet
1277 1110 1483 1148 periucunda.

296 1176 325 1207 3.
354 1176 462 1208 Jesum
490 1174 649 1206 Christum
673 1176 881 1207 condonatum
973 1177 1002 1208 7.
1029 1176 1075 1207 Te
1100 1183 1275 1214 precamur,
1302 1183 1380 1214 quae
1406 1174 1553 1206 conducis

352 1223 414 1254 Per
438 1225 471 1253 te
494 1221 585 1253 nobis
609 1224 646 1253 ut
673 1222 816 1261 sciamus,
1030 1221 1147 1260 Jesum,
1173 1224 1270 1253 testes
1293 1225 1329 1253 ut
1354 1230 1518 1253 cernamus

352 1269 404 1309 Et.
431 1270 467 1300 ut.
490 1268 605 1300 scimus
630 1269 720 1300 nobis
747 1270 864 1309 (latum,
1028 1270 1149 1302 Lumen
1174 1277 1283 1300 verum
1308 1278 1402 1300 verae
1426 1268 1515 1310 lucis,

355 1316 456 1347 Nobis
480 1315 567 1355 pium
591 1316 764 1349 videamus.
1030 1316 1146 1348 Tecum
1171 1324 1296 1355 semper
1318 1317 1534 1355 procedamus.

299 1383 331 1414 4.
359 1381 490 1414 Stellam
514 1381 611 1412 mam's
636 1385 668 1413 te
691 1382 827 1414 Mariam
975 1384 1005 1415 8.
1031 1382 1090 1421 Qui
1114 1384 1146 1413 te
1170 1390 1278 1412 veram
1303 1380 1484 1413 confitemur

355 1428 461 1461 Solam
482 1429 625 1460 novimus
652 1429 834 1469 ductricem,
1031 1429 1168 1460 Matrem
1193 1428 1407 1469 virginemque
1429 1437 1548 1468 puram,

356 1477 433 1516 Fac,
460 1478 495 1506 ut
518 1484 574 1507 nos
599 1484 657 1515 per
681 1477 763 1508 hanc
787 1476 870 1507 viam
1032 1476 1084 1508 Da
1106 1479 1139 1507 te
1161 1475 1310 1507 visitante
1336 1476 1453 1515 demur,

355 1524 402 1556 Te
423 1531 590 1562 sequamur
614 1524 787 1558 matricem,
1036 1523 1136 1554 Vitam
1164 1523 1310 1562 consequi
1334 1521 1480 1555 futuram.

691 1591 720 1623 9.
745 1589 833 1622 Patri
861 1589 955 1620 decus
980 1589 1023 1620 sit
1046 1592 1186 1628 aeterno,

746 1637 858 1668 Honor
881 1638 965 1676 nato,
993 1645 1083 1676 quem
1108 1636 1280 1675 sumpsisti,

750 1683 889 1715 Flamini
913 1684 982 1714 laus
1008 1687 1184 1722 coaetern0‚

748 1731 797 1763 De
822 1739 882 1770 quo
906 1730 1008 1762 Deum
1034 1730 1215 1769 concepisti.

372 1797 454 1824 Brev
482 1804 534 1823 ms.
555 1797 734 1823 Dertusense
761 1803 836 1823 saec.
866 1793 909 1822 15.
931 1794 1000 1822 Cod.
1021 1794 1113 1831 Capit.
1134 1794 1287 1821 Dertusen.
1308 1803 1330 1822 s.
1350 1804 1378 1821 n.
1398 1794 1433 1821 A.
1453 1808 1490 1813 -—
1509 1793 1591 1821 Brev.

294 1843 347 1861 ms.
368 1835 545 1861 Dertusense
571 1842 637 1861 saec
641 1832 712 1861 ..15
735 1833 804 1861 Cod.
827 1832 919 1868 Capit.
939 1833 1092 1860 Dertusen.
1114 1842 1136 1860 s.
1156 1840 1184 1858 n.
1204 1832 1237 1859 B.
1257 1847 1296 1851 —
1315 1830 1389 1866 2,1
1410 1831 1511 1860 Paude
1529 1832 1590 1864 AB;

297 1873 375 1898 viam
396 1872 429 1899 B.
451 1885 485 1890 —
507 1869 541 1904 4,
568 1869 586 1897 2
605 1880 634 1898 u.
654 1871 673 1897 f.
693 1871 766 1898 fehlt
780 1870 812 1904 je
833 1871 897 1896 eine
917 1869 1013 1904 Silbe3
1039 1870 1093 1897 lies
1113 1871 1200 1897 istam
1219 1870 1316 1895 viam?
1340 1853 1529 1897 ⁷amatricem?
1556 1883 1593 1887 —

300 1907 325 1942 6,
346 1907 366 1935 4
384 1918 435 1944 pro
452 1908 582 1944 jucunda
594 1909 654 1935 AB.
675 1923 711 1927 —
732 1907 757 1941 7,
780 1906 797 1934 2
818 1910 914 1942 pestes
927 1907 987 1933 AB.
1009 1921 1044 1925 —
1064 1906 1090 1940 8,
1112 1904 1129 1934 3
1150 1907 1316 1932 visitantem
1330 1906 1365 1932 A.
1386 1920 1421 1925 ——
1441 1905 1467 1940 8,
1489 1905 1509 1933 4
1527 1915 1593 1934 eon-

295 1948 377 1982 sequi
398 1953 528 1974 securam
547 1946 580 1972 B.

719 2063 769 2093 44.
808 2062 852 2092 De
870 2060 1059 2092 visitatione
1078 2059 1164 2090 BMV.

816 2137 864 2166 Ad
883 2136 1071 2166 Nocturnum.

298 2217 328 2248 1.
355 2217 417 2248 Diu
442 2216 558 2247 mundo
585 2218 798 2254 exspectatum
975 2213 1004 2243 2.
1031 2212 1135 2250 Digna
1159 2219 1176 2241 o
1201 2213 1302 2242 mater
1327 2217 1487 2256 creatoriS,

352 2262 543 2301 Exhibuisti,
572 2262 706 2302 domina,
1031 2258 1175 2288 Electum
1197 2260 1330 2289 matrem
1354 2241 1487 2305 legeras:

357 2309 394 2338 In
420 2308 517 2347 signis
542 2310 577 2338 tu
598 2307 763 2347 figuratum
1032 2303 1095 2335 Sed
1120 2312 1199 2343 quae
1221 2303 1305 2335 foret.
1327 2306 1374 2337 sic
1397 2308 1536 2352 honoris,

356 2353 441 2385 Vera
463 2356 639 2385 monstrans
664 2363 723 2392 per
745 2352 872 2385 lumina.
1035 2350 1128 2390 Vere,
1156 2350 1253 2390 virgo
1280 2360 1343 2383 non
1368 2363 1512 2390 noveras
