1651 2518
121 212 153 242 5.
180 209 294 241 Manus
319 212 452 248 paterna
472 209 596 249 J'ugulat
797 211 827 242 6.
854 209 920 240 Nos
944 208 976 239 in
1005 215 1115 246 campo
1141 208 1320 239 certaminis

183 256 322 289 Puellam
349 259 381 287 et.
403 256 548 288 continuo
854 256 987 288 Sanctae
1007 254 1145 285 zelantes
1169 255 1300 294 gloriam

177 303 273 345 Perit,
299 311 389 342 quem
416 301 547 334 daemon
572 303 721 342 stimulat,
854 302 961 334 Divini
987 302 1081 333 ductu
1105 301 1231 333 lummis

177 349 342 382 Parricida
365 350 512 382 tonitruo.
854 349 1033 380 Tendamus
1059 348 1099 379 ad
1125 347 1298 380 victoriam.

463 406 494 438 7.
518 407 665 438 Praestet
690 405 751 437 hoc
775 408 885 437 sancta
908 404 1032 436 trinitas

513 452 647 484 Sanctae
670 451 832 484 Barbarae
854 451 985 491 meritis,

514 499 567 530 Ad
593 501 635 539 te,
660 508 780 531 summa
803 499 952 539 suavitas,

516 546 623 578 Rectis
648 554 704 577 nos
731 546 847 578 ducens
872 545 1001 577 semitis.

194 611 295 638 Dium.
324 620 375 638 ms.
396 612 580 646 Legionense
603 619 678 639 saec.
707 609 748 638 15.
771 608 841 638 God.
863 611 956 646 Capit.
976 610 1134 646 Legionen.
1155 607 1199 636 36.
1227 609 1253 636 sl.
1331 610 1413 636 Brev.

119 648 147 676 S.
175 648 280 676 Isidori
306 650 375 684 imp.
398 649 492 676 Toleti
523 646 604 677 1502.
632 650 662 676 Β.
689 663 727 668 —
745 648 836 676 Psalt.
855 648 1054 676 Pallantinum
1080 648 1148 683 imp.
1167 647 1306 674 Luci-onii
1334 643 1415 674 1512.

120 686 149 713 G.
176 699 211 704 -—
231 686 315 713 BreV.
338 686 520 714 Cordubense
544 688 612 721 imp.
633 686 751 721 Hispali
776 684 857 713 1524.
876 686 912 714 D.
938 701 976 705 —-
995 685 1027 720 ’7,
1057 683 1070 712 1
1087 686 1218 713 Pra‘stet
1235 685 1307 712 haec
1322 684 1357 712 D.
1379 698 1416 704 —·—

117 724 198 751 Mel:
219 724 254 750 In
274 724 393 751 coelesti
413 723 535 759 collegio
557 723 587 751 C.

544 823 607 855 132.
647 823 690 854 De
710 824 818 855 sancta
837 823 988 855 Barbara.

614 890 661 919 Ad
679 890 769 928 Vesp.
791 892 820 920 et
836 890 922 921 Noct.

127 959 157 991 1.
185 959 307 991 Fidelis
333 958 450 990 Christi
474 959 627 999 Barbara,
800 960 832 992 3.
859 960 897 992 Iu
922 960 1074 991 trinitatis
1100 959 1225 991 nominc

184 1005 286 1038 Nobis
310 1005 460 1045 implores
485 1005 628 1047 gratiam,
859 1007 908 1038 Tu
932 1008 997 1038 tres
1022 1006 1177 1038 fenestras
1201 1005 1357 1045 praecipis

182 1052 244 1085 Per
269 1061 360 1092 quam
385 1053 517 1085 vitemus
542 1055 663 1084 tartara
857 1053 930 1084 Tibi
957 1054 1088 1085 cedente
1111 1053 1200 1085 silice

178 1099 403 1140 Adipiscentes
428 1099 569 1140 gloriam.
858 1100 967 1132 Crucis
993 1099 1124 1140 figuram
1149 1098 1312 1139 imprimis.

120 1157 150 1187 2.
177 1155 226 1188 Tu
251 1155 393 1195 speciosa
417 1164 548 1195 corpore
799 1156 829 1188 4.
855 1157 950 1188 Petra
974 1156 1147 1196 praebente
1171 1157 1311 1187 semitam

179 1203 216 1234 In
242 1203 307 1235 alta
331 1202 411 1233 turri
434 1202 549 1244 posita,
856 1203 986 1243 Captum
1011 1206 1102 1243 pater
1127 1203 1291 1243 exspoliat,

180 1248 247 1281 Nos
273 1252 325 1281 tuo
350 1250 436 1281 muni
455 1249 568 1281 robore
853 1250 989 1281 Deitatis
1015 1251 1180 1282 essentiam

181 1295 227 1329 Ob
254 1299 326 1328 tuae
350 1297 434 1328 vitae
457 1297 578 1328 merita.
859 1297 905 1329 Ob
931 1297 992 1328 hoc
1016 1298 1099 1337 quod
1125 1296 1186 1329 sibi
1214 1295 1346 1330 nuntiat,

194 1360 277 1387 Brev.
297 1361 459 1388 Romanum
477 1361 545 1396 imp.
567 1358 648 1387 15**.

545 1448 605 1481 133.
642 1451 685 1482 De
706 1451 815 1481 sancta
834 1451 982 1482 Bar-bara.

671 1516 720 1547 Ad.
738 1517 864 1547 Laudes.

126 1585 157 1617 1.
182 1584 344 1626 Flagellis,
370 1584 442 1624 igne
467 1585 607 1616 caeditur
801 1587 832 1617 2.
861 1587 937 1618 Post
960 1595 1018 1626 per
1043 1587 1180 1625 plateam
1205 1587 1340 1618 trahitur

181 1631 226 1664 Et
248 1632 394 1670 privatur
417 1630 576 1671 uberibus,
859 1633 954 1665 Nuda
978 1643 1035 1672 pro
1059 1632 1120 1664 Dei
1144 1633 1219 1674 filio,

183 1678 246 1710 Sed
271 1679 339 1710 loco
366 1681 434 1709 arto
457 1679 594 1720 ponitur,
858 1682 959 1719 Caput
985 1681 1051 1719 ejus
1076 1680 1273 1712 abscinditur

180 1725 245 1758 Ubi
272 1726 359 1757 caret
382 1725 573 1757 vulneribus.
861 1727 892 1758 A
915 1727 1056 1767 genitore
1079 1727 1218 1767 proprio.

507 1783 537 1815 3.
565 1781 627 1812 Per
651 1784 691 1818 te,
717 1781 811 1814 beata
837 1782 987 1826 Barbara,

565 1828 652 1868 Ignis
675 1828 809 1861 vitemus
833 1831 955 1861 tartara

561 1875 607 1908 Et
629 1874 829 1915 perfruamur
851 1876 952 1916 gloria

562 1922 599 1955 In
624 1923 820 1955 saeculorum
843 1924 979 1956 saecula.

196 1988 279 2016 Brev.
300 1989 462 2016 Romanum
482 1988 550 2023 imp.
575 1986 655 2015 15**.
674 2003 712 2009 -—
732 1988 849 2016 Divisio
870 1989 920 2017 cles
933 1989 1187 2026 vorhergehenden
1207 1990 1345 2025 Hymnus.

501 2088 562 2120 134.
597 2089 640 2120 De
661 2090 766 2121 sancto
790 2089 1032 2121 bartholomaeo.

656 2156 703 2186 Ad
724 2155 877 2194 Vesperas.

118 2225 147 2257 1.
175 2225 313 2258 Plauclat
338 2226 449 2259 chorus
477 2226 656 2259 coelestium
799 2227 828 2258 2.
857 2226 974 2257 Iterum
998 2226 1110 2267 gaude,
1138 2228 1254 2267 concio,

175 2273 367 2312 organizans
394 2274 544 2315 tripudio,
854 2272 957 2313 Magis
983 2274 1102 2305 resulta
1121 2275 1277 2318 laudibus,

172 2320 273 2352 Laeta
292 2329 403 2354 manus
429 2323 626 2354 terrestrium
855 2321 902 2354 Ut
924 2320 1029 2353 laudis
1050 2321 1197 2360 jubilatio

175 2367 365 2401 Solemnizet
389 2378 457 2401 cum
483 2369 607 2409 gaudio.
853 2368 978 2409 Magnis
1005 2371 1201 2403 commendet
1225 2371 1354 2404 vocibus
