1651 2518
723 94 977 129 —100—

216 192 246 224 5.
273 191 363 230 Pugil
389 193 534 222 constans
556 190 593 221 tit
616 189 782 229 pugnando
889 190 919 221 7.
945 188 1058 219 Preces
1086 187 1195 218 demus
1219 185 1436 225 supplica-ndo,

273 238 389 269 Contra
413 245 493 276 reos,
519 235 740 275 triumphando
947 234 992 266 Ut
1015 233 1094 264 haec
1121 233 1210 271 virgo
1237 231 1434 271 deprecando

319 283 402 314 Belli
426 292 535 322 campo
557 282 707 313 victoriae
994 279 1144 312 Perennis
1168 277 1255 310 fonte
1279 279 1399 318 gratiae

320 330 430 361 Palma
455 328 544 361 fulsit
568 329 699 369 egregie.
990 325 1150 366 Adquirat
1175 325 1258 357 dona
1280 325 1401 358 veniae.

216 386 247 418 6.
274 387 337 418 Res
360 384 513 426 miranda,
539 383 750 426 memoranda,
888 384 919 415 8.
947 382 1084 420 Patrem,
1111 384 1218 413 natum
1244 381 1422 413 venerando

272 432 334 464 Res
359 431 526 471 stupenda,
551 429 728 470 cogitanda,
944 429 1049 468 Atque
1071 426 1184 460 flamen
1208 428 1367 471 sociando,

320 477 409 516 Quod
432 477 578 508 muliebri
601 476 707 515 specie
990 474 1085 513 Laus,
1117 476 1227 515 virtus,
1254 475 1362 515 honor,
1386 475 1506 513 gloriae

321 524 370 555 Sit
392 523 471 555 haee
493 523 594 555 virtus
619 521 823 555 constantiae.
999 521 1149 553 Trinitati
1172 522 1237 553 sint
1260 522 1381 562 hagiae.

217 624 265 652 CI
289 588 374 615 Brev.
406 586 581 614 Celsonense
607 586 676 621 imp.
706 584 953 620 Caesaraugustae
979 582 1060 612 1514.
1085 598 1121 603 —
1148 585 1310 612 Verfasser:
1338 585 1504 620 Anonymus

240 633 255 651 (ἑ
268 633 409 652 8011611815.

559 711 621 744 148.
664 712 706 743 De
726 721 766 744 ss.
790 712 920 744 candido
941 713 971 744 et
990 712 1160 745 concordio.

707 779 755 809 Ad
774 779 862 817 Vesp.
883 782 912 809 et
931 779 1016 809 Noct.

222 850 252 882 1.
281 850 379 879 Voces
404 848 557 880 addamus
583 847 721 890 vocibuS,
892 849 923 880 4.
949 847 1112 887 Subjectos
1134 847 1209 879 inde
1234 848 1346 879 milites

276 895 364 926 Intus
387 894 539 926 laetemur
564 894 710 926 cordibus
949 896 1136 935 Hortantur,
1161 895 1244 933 quod
1269 897 1301 925 et
1324 894 1438 925 limites

280 943 364 974 Pace
388 943 568 972 sanctorum
592 943 677 973 socia
948 942 1129 980 Adquirant
1150 941 1237 981 coeli,
1263 941 1420 981 gaudium,

279 988 466 1020 Recolentes
492 988 599 1021 exitia.
951 987 1028 1020 Cum
1051 997 1168 1020 corona
1190 987 1384 1027 martyrium.

219 1048 250 1079 2.
277 1044 496 1084 Triumphavit
519 1044 700 1087 Mauritius,
894 1047 923 1077 5.
950 1044 1010 1076 Est
1033 1044 1224 1083 Angelorum
1249 1044 1321 1075 unio

281 1091 375 1130 Cujus
399 1093 431 1121 et
453 1090 633 1131 Exuperius
951 1090 1001 1122 Ex
1026 1092 1158 1123 istorum
1182 1091 1311 1130 collegio

279 1138 356 1171 Cum
379 1137 509 1170 Victore
532 1140 566 1169 et
588 1137 731 1170 Candido
952 1137 1136 1169 Sanctorum
1160 1137 1292 1169 laudans
1318 1136 1483 1168 Dominum

279 1184 457 1224 Adjunctus
485 1187 533 1216 est
556 1185 722 1216 consortio.
951 1185 1129 1224 Verumque
1152 1186 1274 1224 patrem
1299 1184 1460 1217 luminum.

222 1243 253 1275 3.
280 1241 351 1273 Non
377 1243 476 1272 terret
496 1241 553 1272 hos
578 1240 725 1272 ferocitas
895 1242 926 1274 6.
953 1241 1014 1273 Pro
1036 1240 1125 1272 nobis
1149 1248 1243 1280 prece
1267 1239 1403 1279 supplici

278 1288 348 1320 Nec
372 1288 512 1319 dolorum
536 1287 725 1328 immanitas,
952 1287 1043 1326 Veto,
1068 1288 1180 1325 sancti,
1204 1287 1342 1318 unanimi

280 1335 389 1366 Parati
412 1343 483 1366 nam
510 1337 583 1366 sunt
606 1333 706 1365 libere
953 1334 1047 1366 Orate
1069 1334 1181 1372 Deum,
1205 1341 1399 1373 quaesumus,

281 1381 416 1414 Calicem
441 1381 550 1412 mortis
575 1380 692 1413 bibere.
952 1380 997 1412 Ut
1019 1380 1151 1419 plaudat
1174 1380 1289 1411 nostris
1313 1379 1466 1412 cantibus,

614 1437 645 1469 7.
669 1437 771 1468 Deum
795 1439 918 1476 patrem
937 1439 969 1467 et
991 1436 1091 1468 filium

669 1484 714 1515 Et
736 1492 857 1523 quoque
880 1486 1020 1515 sanctum
1045 1483 1189 1522 spiritum

669 1531 849 1563 Laudemus
875 1531 1000 1562 dantem
1023 1529 1166 1570 gratiam,

670 1574 813 1610 Candido
838 1580 946 1609 sancto
971 1577 1112 1616 gloriam.

297 1643 344 1670 Ex
363 1644 446 1670 BreV.
467 1651 519 1670 ms.
541 1641 570 1670 S.
591 1642 767 1677 Cueuphatis
787 1641 834 1669 bei
855 1642 992 1675 Tamayc,
1012 1641 1163 1676 Martyrol.
1183 1641 1305 1676 Hispan.
1325 1640 1359 1673 V,
1381 1637 1446 1667 288.
1473 1655 1505 1660 -—

219 1681 259 1708 Er
279 1681 436 1715 antei-negt
454 1680 568 1708 keinem
583 1680 707 1712 Zwoifel,
727 1679 792 1706 dass
803 1680 857 1706 wir
870 1680 956 1707 einen
969 1679 1048 1706 alten
1059 1678 1118 1705 und
1131 1678 1362 1706 unverfalscliten
1375 1678 1509 1712 Hymnus

219 1727 273 1746 vor
292 1726 346 1745 uns
366 1718 469 1745 haben.
489 1732 526 1737 —
545 1715 572 1750 4,
593 1715 610 1745 3
626 1716 706 1744 Coeli
720 1719 748 1744 et
761 1717 907 1753 gaudium.
921 1730 952 1737 --
972 1715 998 1749 4,
1023 1714 1041 1743 4
1060 1716 1200 1751 martyrii.
1215 1730 1251 1735 —
1267 1715 1292 1749 7,
1313 1714 1331 1744 ὃ
1345 1716 1509 1744 Laudemus

222 1757 334 1783 tantam
347 1756 479 1790 gratiam.

562 1844 623 1875 149.
661 1845 705 1875 De
727 1853 766 1875 ss.
788 1843 919 1875 Candido
941 1844 972 1874 et
993 1843 1166 1875 concordio.

771 1910 820 1940 Ad
838 1910 964 1939 Laudes.

493 1979 525 2011 1.
551 1978 651 2011 Beata
673 1979 781 2010 lucens
804 1981 929 2010 sacrata
951 1978 1103 2016 martyrio

547 2024 685 2065 Diesque
709 2025 888 2066 splendens,
911 2025 943 2056 in
969 2033 1030 2063 qua
1053 2026 1163 2055 sancta
1185 2024 1267 2064 legio

547 2071 708 2112 Neglectis
730 2072 826 2111 jussis
850 2080 908 2111 pro
933 2071 1011 2102 tanti
1037 2070 1181 2111 sacrilegi

551 2117 692 2158 Corpora
716 2118 825 2150 subdit
848 2118 947 2158 ipsius
973 2116 1123 2156 voragini.

494 2184 525 2216 2.
551 2182 707 2223 Turgidus
733 2183 788 2214 ille
811 2191 883 2214 nam
909 2183 1018 2213 contra
1042 2180 1245 2214 Christiferos

546 2229 665 2261 Tremit
691 2239 746 2262 rex
770 2230 856 2261 mille
879 2230 1041 2260 sexcentos
1065 2228 1236 2267 armigeros

553 2275 621 2316 Dei,
648 2277 700 2315 qui
725 2277 837 2309 almam
862 2274 1073 2316 peroptabant
1095 2276 1231 2314 patriam

547 2321 590 2353 Et
612 2322 779 2355 salvatoris
803 2322 1004 2362 quiescebant
1027 2320 1152 2361 regulis.
