1651 2518
719 112 976 148 -167—

642 222 706 254 286.
746 223 788 256 De
809 223 914 255 sancto
928 223 1048 255 Jacobo.

740 299 788 330 Ad
807 300 961 338 Vesperas.

473 377 505 411 1.
532 377 609 410 Cum
632 381 703 410 tuas
726 380 821 419 pleno
850 380 935 412 canit
956 388 1010 412 ore
1032 379 1143 412 laudes

528 425 637 458 Turba
661 429 816 457 sacratam
843 426 947 458 coiens
971 428 1004 459 in
1028 427 1147 466 aedem,

527 471 664 505 obrutas
688 473 810 514 taetriS,
836 473 960 512 Iacobe,
987 474 1086 513 culpis

572 519 670 559 Erige
693 521 823 552 mentes

470 595 502 626 2.
527 594 644 627 Fratre
668 594 743 625 dum
767 595 922 633 quondam
947 594 1032 626 socio
1055 593 1199 626 laborum

528 640 683 673 Finderes
710 640 820 681 cymba
844 640 987 673 fluitante
1010 644 1150 683 pontum,

528 688 616 720 Inter
639 688 776 720 undosas
801 688 928 720 sinuosa.
951 688 1049 719 moles

573 734 667 767 Retia
687 735 821 775 Jactans,

468 810 499 842 3.
525 808 586 848 En,
612 810 667 849 ait.
692 808 820 848 fratres,
846 809 1004 842 hominum
1026 810 1218 853 redemptor,

526 855 619 887 Nunc
644 856 714 888 dico
739 857 892 896 promptis
918 857 1028 888 animis
1053 857 1171 898 adeste,

526 903 575 934 Ite
598 905 672 942 post
694 906 829 944 nostros,
855 911 943 935 mora
967 903 1063 945 nulla,
1086 911 1220 945 gressus,

571 949 720 989 Linquite
743 950 817 981 lina.

467 1025 499 1057 4.
526 1025 685 1057 Hactenus
710 1024 812 1063 pisces
837 1026 945 1056 tenues
970 1024 1071 1056 secuti

524 1072 615 1111 Arte,
641 1071 698 1102 sed
720 1071 853 1110 posthac
877 1071 1016 1103 homines
1041 1071 1165 1113 petetis,

523 1117 586 1150 Hic
608 1118 685 1149 mihi
711 1126 749 1149 ex
773 1118 862 1149 vobis
887 1118 1024 1150 studium
1050 1117 1203 1157 probatur

573 1164 683 1196 Saecla
706 1165 845 1197 novanti.

467 1241 496 1273 5.
522 1239 644 1271 Nomen
669 1238 742 1271 hinc
768 1240 870 1271 cuncti
896 1240 1056 1271 celebrent
1079 1247 1218 1279 perenne

524 1287 629 1319 Patris
654 1294 693 1318 ac
716 1286 792 1326 nati,
820 1285 980 1318 celebrent
1004 1289 1035 1317 et
1059 1286 1132 1318 almi

526 1333 672 1374 Spiritus,
699 1341 794 1364 unum
819 1334 930 1373 quibus
956 1335 1003 1365 est
1027 1341 1184 1372 cacumen,

567 1380 641 1412 Una
662 1382 813 1420 potestas

266 1444 350 1471 Brev.
380 1443 643 1480 Compostellanum
669 1445 737 1479 imp.
767 1443 940 1480 Ulisiponae
967 1442 1046 1472 1497.
1067 1444 1102 1472 A.
1126 1459 1163 1463 —
1183 1445 1268 1472 Brev.
1288 1443 1318 1471 S.
1338 1444 1489 1472 Benedicti

189 1481 387 1510 Vaiisoietani
406 1482 476 1517 imp.
496 1482 653 1510 Valisoleti
675 1479 756 1509 1538.
773 1482 806 1510 B.

638 1628 701 1660 287.
741 1629 784 1660 De
804 1628 910 1659 sancto
930 1628 1048 1660 Jacobo.

708 1704 755 1733 Ad
775 1703 964 1734 Nocturnum.

465 1782 495 1814 1.
522 1781 607 1814 Hinc
630 1781 709 1814 fides
736 1781 839 1814 verbis
864 1782 1006 1821 sequitur
1028 1790 1180 1821 sacroque

522 1829 656 1869 Magnus
681 1830 834 1861 accedens
860 1828 948 1869 operi
973 1828 1116 1861 minister

522 1876 615 1909 Sorte
638 1876 783 1908 tellurem
808 1884 961 1908 renovare
986 1876 1070 1907 cultu

567 1922 670 1956 Sumis
695 1923 830 1958 lberam.

463 2001 494 2034 2.
522 2000 569 2032 Tu
594 2009 716 2041 quoque
739 1999 895 2032 excellens
919 1999 961 2031 ad
984 2008 1062 2038 opus
1088 2002 1216 2032 vocatus

520 2047 623 2080 Testis
648 2047 776 2080 adsistis
803 2047 926 2078 celeber
950 2047 1109 2087 videsque‚

519 2095 662 2127 Christus
687 2097 722 2126 ut
747 2093 836 2126 fulsit
861 2094 990 2126 radians
1014 2093 1047 2125 in
1072 2095 1135 2126 alto

563 2142 693 2174 Vertice
715 2142 843 2176 montis.

459 2215 490 2252 3.
518 2219 586 2251 Nec
610 2219 712 2250 minus
737 2216 864 2250 fervens
888 2217 1002 2258 pati-iis
1026 2217 1059 2249 in
1084 2217 1170 2258 agris

517 2266 623 2298 Vertis
648 2265 689 2298 ad
715 2265 834 2298 Christi
859 2265 992 2305 populos
1019 2265 1111 2308 ovile,

518 2315 599 2346 Arte
623 2313 758 2355 depellis
779 2313 901 2353 magica
925 2312 1081 2344 Philetum

561 2361 863 2401 Hermogenemque.
