1651 2518
698 120 951 156 —158—

573 218 602 251 7.
630 216 783 254 Concede,
807 218 897 255 pater
917 216 1076 257 luminum,

630 263 673 295 Ut
695 262 806 297 Jacobi
830 262 983 303 suffragiis

630 311 706 342 Post
729 310 819 350 hujus
845 309 927 341 vitae
951 311 1117 343 terminum

633 357 719 390 Coeli
742 356 883 389 fruamur
907 356 1038 397 gaudiis.

257 431 338 458 Brev.
359 440 411 459 ms.
430 432 699 467 Hieronymitarum
718 431 787 458 anni
808 427 890 457 1453.
911 430 979 459 0011.
998 431 1146 459 Matriten.
1160 432 1186 458 A
1205 429 1268 458 169.
1284 431 1316 458 Α.
1337 445 1370 450 —-
1386 430 1470 457 Brev.

182 468 235 496 FF.
263 467 292 495 S.
320 469 488 503 Hieronymi
513 471 581 504 imp.
600 468 737 503 Lugduni
763 465 843 496 1547.
863 468 896 495 Β.
924 483 960 487 -
982 468 1064 495 Brev.
1090 469 1267 497 civitatense
1292 470 1359 504 imp.
1389 465 1470 494 1555.

182 505 212 533 C.
232 519 269 524 —
288 506 374 533 Brev.
393 506 449 534 FF.
471 506 499 533 S.
520 507 690 540 Hieronymi
710 507 779 541 imp.
800 504 1048 542 Caesaraugustae
1070 504 1150 534 1562.
1170 507 1205 533 D.
1229 522 1263 526 —
1283 508 1366 534 BreV.
1389 504 1470 531 Com-

180 543 373 578 postellanum
405 545 472 579 imp.
499 544 693 571 Salmanticae
719 540 799 571 1569.
824 542 859 569 E.
890 558 925 563 —
952 543 982 575 1,
1015 541 1030 570 1
1057 544 1171 571 canoris
1196 543 1334 571 ABDCE.
1363 558 1398 562 —
1425 542 1470 569 Ad

180 581 357 608 Nocturnum
376 581 435 609 AB.

622 680 686 711 268.
725 679 769 711 De
789 680 894 711 sancto
914 680 1035 712 Jacobo.

698 755 746 785 Ad
763 754 950 786 Nocturnum.

189 835 218 867 1.
244 834 377 874 Adesto,
403 837 512 866 sancte
535 834 662 875 Jacobe‚
855 838 887 869 5.
913 837 961 868 Tu
987 844 1135 876 generoso
1160 835 1310 875 sanguine

240 881 277 912 In
302 881 430 913 aethera
453 881 670 922 psallentibus,
914 883 1103 922 conjunctus
1127 883 1188 915 Dei
1212 881 1287 921 filio,

238 927 343 967 Larga
367 929 495 960 daturus
519 937 649 960 munera
913 930 1017 962 Polles
1040 929 1117 961 belli
1144 929 1323 968 certamine,

238 974 368 1007 Festive
392 978 424 1006 te
448 976 630 1008 colentibus.
913 975 1100 1016 Magnificus
1124 977 1159 1008 in
1178 976 1311 1015 proelio.

184 1043 214 1073 2.
241 1042 319 1074 Jure
342 1043 374 1072 te
398 1041 524 1081 quidem
549 1042 690 1082 colimus,
856 1045 887 1075 6.
914 1043 938 1075 O
964 1042 1111 1082 princeps
1135 1041 1349 1082 invictissime,

242 1087 266 1119 Ο
291 1088 411 1120 Jacobe
434 1089 638 1128 sanctissime,
911 1089 1076 1128 singulare
1098 1088 1299 1130 praesidium,

241 1135 337 1173 Quem
361 1135 407 1166 ita
432 1133 573 1166 Christus
597 1135 748 1168 Dominus
912 1136 1051 1175 Festina,
1077 1135 1304 1175 potentissime,

239 1180 424 1221 Magnificat
447 1181 607 1214 altissime.
911 1183 1048 1214 Tuorum
1070 1183 1102 1214 in
1127 1182 1287 1214 auxilium.

185 1248 215 1279 3.
244 1246 403 1278 Claritatis
429 1245 601 1287 fulgoribus
855 1250 883 1281 7.
910 1249 1009 1280 Posce
1032 1247 1128 1279 robur
1152 1247 1352 1285 bellantibus,

239 1292 323 1324 Miro
350 1294 462 1325 decore
485 1294 605 1333 rutilas,
912 1295 1088 1334 Peregrinis
1113 1294 1267 1334 solatium,

239 1339 297 1378 Qui
320 1349 376 1371 nos
401 1340 499 1380 pulsis
526 1340 683 1372 erroribus
911 1342 1051 1374 Salutem
1074 1341 1317 1381 aegrotantibus,

243 1386 343 1418 Tanto
368 1386 536 1427 splendore
559 1387 690 1419 lucidas..
914 1388 1039 1421 Cunctis
1064 1396 1202 1427 perenne
1226 1388 1383 1428 gaudium.

184 1453 215 1484 4.
241 1451 303 1482 Per
326 1454 358 1483 te
382 1451 482 1491 fulget
504 1452 666 1492 Hispania,
855 1455 886 1487 8.
914 1454 1065 1491 Concede,
1091 1456 1182 1493 pater
1203 1453 1363 1495 luminum,

239 1497 312 1529 Dux
336 1498 547 1538 Hispanorum
571 1500 688 1542 inclite,
912 1502 957 1535 Ut
980 1500 1092 1533 Jacobi
1115 1499 1269 1539 suffragiis

241 1545 436 1584 Paganorum
459 1547 586 1578 vesania
909 1549 988 1580 Post.
1008 1547 1100 1586 hujus
1124 1548 1208 1579 vit-ae
1232 1547 1399 1578 terminum

245 1591 377 1631 Dejecta
400 1600 528 1632 prorsus
553 1592 700 1632 undique.
913 1593 1000 1628 Coeli
1028 1592 1169 1626 fruamur
1193 1594 1328 1633 gaudiis,

256 1667 339 1694 Brev.
365 1668 421 1695 FF.
447 1666 476 1694 S.
502 1668 674 1701 Hieronymi
700 1669 767 1703 imp.
797 1668 932 1703 Lugduni
959 1665 1038 1696 1547.
1065 1668 1099 1695 A.
1119 1684 1156 1688 -
1178 1668 1261 1695 Brev.
1291 1668 1468 1696 Civitatense

182 1707 250 1741 imp.
279 1702 359 1732 1555.
378 1706 411 1732 B.
440 1720 477 1724 —
496 1705 580 1733 BreV.
599 1705 655 1732 FF.
676 1705 705 1732 S.
726 1706 899 1741 Hieronymi
917 1708 984 1742 imp.
1006 1705 1255 1741 Caesaraugustae
1276 1704 1356 1733 1562.
1378 1705 1410 1733 C.
1429 1720 1468 1724 -—

183 1743 266 1770 Brev.
288 1741 549 1778 Compostellanum
568 1745 635 1778 imp.
657 1743 852 1771 Salmanticae
873 1741 952 1772 1569.
974 1743 1010 1771 D.
1030 1759 1067 1762 —
1088 1741 1114 1779 3,
1136 1742 1153 1770 2
1172 1743 1298 1771 rutilans
1316 1744 1353 1771 D.

617 1862 681 1894 269.
719 1864 761 1895 De
780 1864 885 1895 sancto
905 1864 1026 1896 Jacobo.

720 1940 768 1970 Ad
786 1939 912 1970 Laudes.

184 2019 215 2052 1,
240 2018 378 2049 Plaudat
401 2017 495 2049 turba
517 2016 656 2049 fidelium
856 2020 887 2053 3.
912 2019 975 2050 Hic
998 2018 1039 2050 ad
1064 2022 1186 2050 secreta
1209 2020 1334 2058 saepius

239 2064 430 2096 Extollendo
455 2066 624 2103 praeconia
910 2064 1130 2105 Redemptoris
1154 2066 1305 2105 mysteria

239 2110 464 2143 Praecellentis
488 2111 632 2151 apostoli,
909 2114 993 2145 Prae
1018 2113 1128 2144 ceteris
1154 2116 1332 2152 assumptus
1360 2116 1408 2145 est

239 2159 304 2198 Quo
328 2159 481 2190 lustratur
505 2158 670 2198 Hispania.
912 2159 1049 2191 Honoris
1072 2159 1312 2199 praeminentia.

182 2228 214 2258 2.
239 2225 288 2257 De
312 2225 412 2265 stirpe
437 2224 554 2256 Christi
577 2224 714 2259 Jacobus
854 2227 885 2258 4.
911 2224 1178 2266 Transfiguratum
1201 2225 1369 2260 Dominum

239 2272 340 2304 Natus
366 2272 465 2313 regali
489 2273 638 2312 germine„
910 2272 1000 2305 Vidit.
1022 2272 1122 2304 beatis
1149 2273 1247 2305 oculis

240 2320 330 2352 Inter
352 2321 512 2360 magnates
536 2319 663 2351 inclitus
912 2321 956 2352 Et
978 2320 1107 2359 agoniae
1133 2319 1283 2360 deditum,

239 2366 387 2409 Refulget
410 2366 473 2399 alto
498 2366 656 2409 sanguine.
911 2367 1082 2399 Sudantem
1106 2370 1209 2411 guttas
1234 2369 1403 2411 sanguinis.
