1651 2518
659 88 888 123 —47-

130 185 162 218 5.
189 184 251 215 Hic
277 183 367 225 dixit,
394 183 506 223 quodsi
530 183 672 217 facerent
807 187 836 218 6.
863 185 1015 217 Annuunt
1037 184 1099 225 ipsi
1123 184 1277 224 protinus,

186 231 316 263 Festum
341 231 433 269 huJ'us
459 233 491 261 et
514 230 583 263 fieri
862 233 989 272 Aequor
1013 231 1141 271 planum
1165 229 1312 269 efficitur,

186 278 237 309 Ab
262 277 333 309 aliis
358 279 565 318 requirerent,
863 279 1026 310 Liberavit
1049 278 1105 309 hos
1130 277 1293 316 Dominus,

185 324 320 356 Abirent
344 325 420 356 inde
443 324 547 359 liberi.
862 326 960 359 Libro
986 325 1025 357 de
1051 324 1140 357 donis
1165 323 1322 356 scribitur.

537 382 566 414 7.
595 381 704 414 Gloria
727 382 796 422 tibi,
823 382 966 416 Domine.

203 445 288 473 Brev.
308 455 360 473 ms.
381 446 568 474 Geruudense
586 455 661 474 saec.
681 444 754 475 ¹4l15.
776 446 844 475 Ood.
866 447 958 482 Capit.
980 446 1141 474 Gerunden.
1161 444 1187 474 3.

409 575 451 606 41.
491 575 525 606 In
545 574 793 607 sanctificatione
818 574 1024 615 conceptionis
1044 574 1133 606 BMV.

677 651 725 680 Ad
743 650 870 681 Laudes.

130 728 161 759 1.
190 727 214 759 O
239 736 383 766 magnum
408 727 618 769 privilegium,
806 730 837 761 4.
863 728 957 759 Hanc
980 729 1130 760 salutavit
1156 727 1294 766 Gabriel,

187 774 277 812 Quod
301 782 458 812 nunquam
484 775 552 813 quis
578 774 714 806 obtinuit
863 775 939 814 Ipsa
962 776 1145 814 respondit:
1172 775 1310 815 nuntius,

186 819 258 851 Nisi
281 821 391 860 regina
415 821 560 861 omnium,
862 821 991 852 Ancilla
1015 830 1083 853 sum
1106 821 1271 860 Emanuel,

189 866 302 904 Maria,
330 875 409 906 quae
431 867 473 899 El
498 868 613 907 genuit.
865 868 954 906 Quod
981 868 1069 911 dicis,
1096 868 1153 900 fiat
1177 868 1278 901 citius.

131 925 161 956 2.
189 923 304 954 Adhuc
327 923 360 954 in
384 923 494 955 matris
520 927 609 955 utero
806 927 836 958 5.
865 924 945 955 Inde
970 924 1114 963 concepit
1137 924 1280 963 protinus

190 969 393 1002 Sanctificate.
416 970 540 1009 plenius
862 971 963 1002 Deum
987 971 1079 1002 simul
1106 972 1138 1002 et
1160 970 1326 1008 hominem,

188 1016 265 1048 Fuit
289 1026 307 1047 a
332 1025 406 1056 rege
430 1025 555 1059 supero,
864 1018 923 1056 Qui
950 1017 1069 1049 cunctis
1096 1019 1200 1049 exstat
1222 1018 1374 1048 ’terminus

186 1063 261 1095 Plus
298 1072 388 1102 quam
411 1073 568 1103 nunquam
594 1065 636 1095 sit
658 1065 747 1096 alius.
861 1064 906 1096 Et
928 1065 1035 1104 perire
1059 1065 1127 1096 vult
1149 1063 1312 1097 neminem.

132 1121 163 1152 3.
190 1119 302 1151 Carnis
328 1123 443 1151 extunc
465 1119 632 1152 infirmitas
806 1122 837 1153 6.
866 1120 976 1152 Gloria
1000 1120 1069 1160 tibi,
1096 1120 1239 1162 Domine,

189 1166 299 1206 Neque
323 1166 421 1198 fomes
446 1167 636 1206 peccaminis
862 1168 920 1206 Qui
945 1167 1080 1199 Mariam
1104 1167 1281 1199 sanctificas

186 1213 292 1252 Ipsam
317 1222 375 1244 nec
398 1213 512 1245 mentis
536 1214 680 1253 pronitas
862 1214 906 1245 Et
929 1217 982 1245 tuo
1008 1217 1116 1246 sancto
1142 1215 1267 1246 nomine

183 1259 293 1291 Laesit
315 1269 375 1291 nec
399 1260 475 1299 quid
501 1260 666 1300 cupidinis.
862 1261 975 1292 Totum
1000 1262 1150 1293 mundum
1174 1260 1321 1295 vivificas

201 1323 285 1351 Brev.
305 1332 357 1351 ms.
379 1324 564 1352 Gerundense
583 1333 658 1352 saec.
681 1323 752 1358 14115.
777 1325 845 1352 Cod.
867 1324 959 1361 Capit.
981 1325 1142 1353 Gerunden.
1163 1324 1188 1351 Q.

517 1453 567 1484 42.
606 1453 642 1484 In
661 1452 917 1485 Praesentatione
942 1452 1029 1485 BMV.

666 1529 715 1558 Ad
734 1528 887 1566 Vesperas.

130 1607 161 1639 1.
186 1605 266 1644 Ave,
292 1610 386 1644 porta
411 1606 499 1646 coeli,
807 1609 837 1640 5.
866 1608 962 1648 Virgo
987 1606 1047 1638 Dei
1072 1609 1193 1646 gratum

186 1651 279 1683 Felix
306 1653 414 1684 domus
437 1653 510 1693 Dei,
862 1654 1007 1685 Emisisti
1031 1660 1148 1692 votum,

189 1699 295 1731 Mater
319 1699 379 1731 Dei
398 1700 491 1738 alma,
864 1700 940 1732 Cum
966 1709 1049 1732 esses
1074 1701 1107 1731 in
1130 1701 1248 1739 templo

187 1746 286 1786 Audi,
313 1747 401 1787 virgo
426 1756 527 1778 sacra.
863 1747 960 1787 Virgo
987 1748 1081 1787 digna
1104 1747 1180 1778 Deo.

130 1804 161 1835 2.
189 1801 321 1835 Sumens
349 1803 430 1835 illud
455 1805 560 1835 votum
805 1804 836 1836 6.
860 1803 1007 1835 Monstra
1028 1806 1059 1835 te
1082 1811 1166 1835 nunc
1187 1806 1329 1846 matrem,

187 1849 275 1882 Deus
300 1850 341 1881 de
365 1853 397 1881 te
420 1848 549 1892 factum,
862 1850 975 1882 Mittat
997 1859 1055 1890 per
1078 1853 1112 1882 te
1135 1859 1246 1890 pacem

185 1896 231 1929 Ut
256 1906 340 1929 esses
364 1898 397 1929 in
422 1898 549 1938 templo,
861 1897 906 1929 Et
929 1897 1062 1930 salutem
1086 1901 1177 1929 natus

185 1944 233 1977 Te
257 1945 392 1977 contulit
413 1945 542 1977 mundo.
863 1944 950 1977 Tuus
974 1953 1068 1977 cruce
1091 1954 1214 1984 passus.

128 2002 158 2034 3.
187 2000 329 2039 Solvens,
357 2001 441 2041 quod
468 2001 617 2042 debebas,
809 2002 839 2033 7.
866 2002 971 2033 Vitam
996 2001 1087 2034 trahe
1111 2011 1222 2041 puram

186 2048 354 2088 Templum
378 2048 546 2089 advenisti,
862 2049 915 2080 Ad
938 2053 971 2080 te
994 2049 1112 2081 scalam
1135 2052 1245 2085 tutam,

185 2095 324 2128 Ternula
350 2097 423 2127 dum
449 2105 527 2138 eras,
863 2096 907 2128 Ut
931 2104 989 2136 per
1014 2100 1047 2128 te
1070 2099 1143 2136 post
1165 2105 1287 2128 cursum

185 2142 268 2175 Vota
292 2143 474 2176 reddidisti.
858 2144 1075 2176 Ascendamus
1102 2144 1229 2176 coelum.

127 2202 157 2234 4.
183 2200 386 2233 Monstrabas
409 2200 443 2232 in
467 2202 540 2233 actu
804 2201 836 2233 8.
863 2199 928 2233 Ubi
953 2208 1078 2240 semper
1102 2202 1205 2232 tecum

184 2247 335 2280 Mirabile
359 2246 486 2291 factum,
862 2247 937 2279 Tuti
959 2257 1140 2280 maneamus

185 2294 280 2327 Nullo
307 2295 387 2327 duce
411 2296 522 2335 quinos
862 2294 907 2326 Et
930 2294 1073 2327 videntes
1098 2297 1206 2329 Jesum

187 2342 251 2374 Ter
275 2342 428 2375 scandisti
452 2343 578 2384 gradus.
866 2341 997 2383 Semper
1018 2344 1217 2384 gaudeamus.
