1651 2518
632 110 789 144 -221
844 130 886 135 -

546 221 611 252 389.
651 221 694 252 De
712 221 822 252 sancta
839 220 968 252 Mariua.

630 287 679 316 Ad
697 285 886 317 Nocturnum.

112 354 143 386 1.
170 355 300 387 Festum
323 356 460 387 colentes
486 357 644 396 martyris
787 358 818 389 4.
844 358 919 389 Post
943 357 1045 389 minas
1070 360 1101 388 ct
1125 358 1282 397 supplicia

168 402 315 435 Marinae
337 403 409 441 piae
435 403 574 443 virginiS,
847 403 963 436 Christi
987 403 1114 436 suffulta
1137 405 1238 443 gratia

169 449 347 481 Laudemus
372 450 434 483 Dei
455 449 564 490 filium,
844 451 1006 491 Aquarum
1025 460 1129 484 mersa
1151 452 1235 484 (lolio

169 496 414 536 Redemptorem
437 496 587 532 fidelium.
846 497 939 530 Stetit
963 498 1075 531 illaesa
1098 499 1212 531 medio.

112 553 144 586 2.
169 553 228 593 Qui
254 553 334 585 hane
356 553 389 584 in
414 554 551 593 pueritia
793 557 825 588 5.
851 555 941 587 Tunc
965 555 1052 596 virgo
1079 564 1170 587 caeso
1196 559 1299 594 capite

170 600 282 631 Lotam
307 602 339 632 in
364 600 514 641 baptismi
537 603 640 641 gratia
848 602 886 633 In
913 602 1032 634 coelum
1057 606 1143 634 recto
1169 603 1295 634 tramite

169 646 266 679 Ducis
290 650 445 679 tormenta
471 649 598 681 vincere
849 649 950 681 Choro
973 650 1083 689 juncta
1107 649 1245 689 virgineo

176 694 267 726 Fecit
292 694 398 727 divino
424 703 561 729 munere.
848 696 975 728 Throno
1000 696 1090 729 sedet
1113 698 1145 729 in
1172 705 1270 728 roseo.

115 751 147 782 3.
173 752 211 784 In
238 759 396 782 carcerem
422 751 604 784 horrificum
792 754 824 786 6.
849 753 963 794 Hujus,
991 754 1125 793 Christe,
1149 762 1207 792 per
1229 754 1375 785 mcritum

176 797 361 837 Serpentem
384 799 599 831 veneniferum
850 800 968 832 Beatus
993 800 1080 832 solve
1106 800 1245 833 debitum

173 844 315 878 Calcavit
335 854 404 877 cum
429 846 551 878 laetitia
851 846 896 878 Et
919 847 1039 887 perduc
1063 857 1119 879 nos
1144 848 1185 879 ad
1209 848 1325 887 gaudia

175 892 284 924 Crucis
310 891 427 925 Christi
451 894 603 933 potentia.
850 894 996 926 Paradisi
1021 894 1181 934 perennia.

507 952 536 983 7.
565 950 689 983 Summo
714 951 781 990 regi
804 951 847 982 sit
870 950 970 990 gloria

565 999 627 1030 Pro
651 997 782 1038 virginis
807 996 948 1037 victoria,

568 1045 626 1084 Qui
652 1045 707 1077 dat
729 1045 828 1076 sacris
853 1044 1025 1085 virginibus

567 1092 776 1131 Triumphare
801 1092 840 1124 de
863 1091 1014 1124 hostibus.

190 1156 274 1183 Brev.
298 1164 351 1183 ms.
373 1156 626 1191 Calagum-itanum
645 1164 720 1184 saec.
743 1154 786 1183 15.
813 1155 881 1184 Ood.
903 1156 1107 1184 Salmanticen.
1131 1154 1190 1185 1256.
1212 1158 1245 1184 A.
1269 1171 1305 1175 —
1324 1157 1409 1184 BrcV.

115 1192 366 1230 Calagum-itanum
386 1197 415 1222 et
434 1193 617 1222 Calciatense
635 1195 702 1230 imp.
723 1194 862 1222 Luci-onii
885 1191 964 1222 1543.
984 1195 1016 1222 B.

547 1331 615 1363 390.
653 1332 697 1363 De
716 1333 826 1363 sancta
844 1332 973 1364 Mariua.

613 1400 647 1429 Iu
671 1399 754 1437 Vesp.
775 1403 804 1429 et
821 1400 914 1429 Laud.

118 1467 150 1500 1.
178 1467 320 1499 Gradum
343 1476 512 1506 supernum
537 1468 654 1508 eligens
794 1470 826 1501 3.
852 1469 889 1500 In
914 1470 1050 1501 carceris
1074 1470 1231 1509 ergastulo

174 1514 310 1553 Mariua,
336 1514 423 1554 virgo
449 1515 574 1554 sapiens
852 1516 946 1547 Panis
972 1516 1061 1547 vivus
1086 1515 1227 1554 refectio,

173 1561 223 1592 Dc
246 1569 375 1592 numero
400 1561 612 1601 prudentium,
852 1563 928 1594 Post
951 1562 1179 1603 transitumque
1203 1566 1325 1600 merult,

176 1608 374 1647 Exspectans
399 1616 547 1647 sponsum
571 1608 736 1649 virginum,
854 1609 949 1642 Cibus
976 1609 1092 1650 duplex
1116 1609 1162 1642 illi
1189 1608 1257 1641 fuit.

117 1665 149 1698 2.
176 1664 218 1697 Se
242 1672 413 1704 congerens
438 1664 666 1696 sanctissimum
795 1668 826 1698 4.
851 1665 946 1708 Laus,
971 1666 1080 1707 honor,
1108 1667 1216 1706 virtus,
1241 1666 1341 1706 gloria

177 1711 286 1744 Crucis
312 1711 430 1744 Ghn‘sti
455 1712 648 1752 signaculum
854 1712 922 1744 Deo
946 1713 1030 1751 patri
1056 1715 1088 1743 et
1111 1712 1185 1754 filio,

173 1760 227 1791 Ad
252 1758 389 1790 aetheris
412 1759 574 1791 introitum
853 1759 969 1792 Sancto
993 1760 1085 1791 simul
1109 1761 1262 1799 paraclito

174 1805 390 1838 Benedicebat
413 1806 591 1840 Dominum.
852 1807 889 1838 In
914 1807 1111 1839 saeculorum
1135 1808 1270 1840 saccula.

190 1872 274 1899 Brev.
302 1879 354 1898 ms.
377 1871 549 1898 Toletanum
575 1880 648 1899 saec.
677 1870 719 1898 15.
750 1870 818 1898 Cod.
838 1871 926 1898 UniV.
945 1872 1091 1899 Matriten.
1116 1869 1162 1900 48.
1189 1870 1302 1905 (92ν-1)
1320 1874 1354 1900 A.
1375 1888 1412 1892 —

114 1911 198 1938 Brev.
223 1916 277 1936 ms.
297 1909 470 1937 Toletanum
496 1917 570 1937 saec.
595 1907 638 1937 14.
673 1908 740 1937 (lod.
762 1910 853 1937 Palat.
872 1909 1019 1937 Matriten.
1042 1907 1096 1937 124
1116 1908 1172 1945 (2ss
1180 1908 1208 1944 2)
1226 1911 1259 1938 B.
1281 1924 1314 1929 —
1336 1909 1368 1945 2,
1394 1909 1412 1939 3

113 1948 158 1977 Ad
178 1949 248 1976 teris
271 1948 422 1975 introitum
441 1947 476 1974 A.
497 1962 534 1967 —
554 1944 580 1981 3,
601 1946 621 1975 4
640 1946 744 1975 Cibum
763 1947 878 1983 duplex.

556 2086 616 2119 391.
654 2087 696 2118 De
716 2087 826 2118 sancta
844 2086 975 2118 Matina.

636 2153 683 2184 Ad
702 2154 891 2185 Nocturnum.

115 2228 146 2259 1.
173 2225 287 2256 Electa
311 2224 371 2256 Dei
397 2223 525 2266 famula,
797 2224 827 2255 2.
857 2222 951 2262 Cujus
977 2223 1042 2254 vita
1067 2225 1097 2254 ct
1123 2223 1228 2263 passio

173 2272 329 2305 Bellatrix
355 2271 577 2310 sacratissima,
853 2270 1045 2302 Placuerunt
1064 2270 1226 2311 altissimo,

170 2320 208 2352 In
233 2319 292 2352 hac
319 2319 370 2352 die
394 2319 546 2352 solemnia
853 2317 993 2349 Terrena
1016 2319 1105 2358 virgo
1130 2319 1252 2358 respuit

171 2367 303 2400 Hostem
328 2367 403 2400 vicit
429 2365 637 2399 sanctissima.
852 2364 1006 2398 Coelestia
1029 2366 1215 2406 percipiens.
