1651 2518
760 141 991 174 -82—

235 239 266 271 5.
292 238 395 277 Ipsius
422 237 523 277 dignis
548 236 693 276 precibus

293 284 410 316 Solutis
434 283 536 322 culpis
559 283 702 314 omnibus

295 331 458 363 Solventes
481 330 610 361 laudum
632 329 738 361 munia

297 378 421 409 Perduc
445 385 501 408 nos
526 377 565 408 ad
593 376 748 408 coelestia.

907 238 937 269 6.
964 237 1105 277 Praesta,
1130 236 1223 267 beata
1249 234 1382 276 trinitas,

967 282 1121 322 Concede,
1146 282 1281 321 simplex
1304 281 1419 319 unitas⁷

967 329 1012 361 Ut
1037 329 1186 360 Antonini
1209 328 1357 367 martyris

966 375 1013 406 Te
1034 374 1233 415 perfruamur
1258 375 1388 406 meritis

311 442 394 469 Brev.
416 450 467 469 ms.
487 441 679 468 Zamoranum
698 447 772 467 saec.
796 437 838 466 15.
860 439 928 467 Cod.
951 439 1042 475 Capit.
1063 440 1211 467 Zamoren.
1235 449 1256 467 s.
1277 448 1304 466 n.
1328 439 1361 466 A.
1384 452 1414 456 —
1438 439 1521 465 Brev.

236 488 288 506 ms.
316 479 489 506 Toletanum
514 486 588 505 saec.
617 475 659 504 14.
688 477 756 504 Cod.
783 477 929 504 Matriten.
949 477 992 504 Ff.
1021 475 1082 504 147.
1103 477 1134 504 B.
1162 492 1198 496 —
1217 477 1319 504 Dium.
1345 485 1397 503 ms.
1416 476 1522 510 Legio-

236 525 325 543 nense
357 525 431 544 saec.
460 513 502 542 15.
530 515 598 543 Cod.
625 514 717 550 Capit.
742 514 900 550 Legionen.
927 512 972 542 36.
1001 515 1030 542 C.
1058 529 1093 533 —
1117 514 1207 541 Psalt.
1233 514 1429 541 Pallantinum
1453 514 1521 547 imp.

239 554 375 581 Luci-onii
405 550 486 580 1512.
505 553 541 579 D.
563 566 599 570 —
618 553 702 579 Brev.
722 552 918 578 Pallantinum
942 553 1011 587 imp.
1032 552 1196 579 Pallantiae
1222 550 1302 578 1545.
1322 551 1357 578 Ε.
1385 567 1422 570 -
1448 548 1475 582 1,
1506 548 1521 576 1

237 591 351 618 auditor
370 591 504 626 praevius
524 590 556 616 B.
579 603 609 607 —
632 588 687 616 Str.
709 586 734 622 3,
756 587 775 616 4
795 588 853 615 und
872 587 889 615 5
910 590 1102 625 weggerissen
1121 588 1155 615 A.

625 697 679 729 110.
717 698 759 729 De
779 704 802 728 8.
821 697 952 729 Antonio
971 697 1130 729 Patavino.

239 769 269 802 1.
295 768 425 800 Antonii
451 766 490 799 de
513 766 624 798 Padua

297 814 501 847 Concelebret
524 813 724 852 praeconium

295 861 404 894 Laude
429 862 534 892 coetus
558 860 685 892 assidua

296 908 486 940 Devotorum
512 905 661 938 fidelium.

238 966 270 997 2.
296 963 396 995 Natus
420 963 473 994 hic
496 960 553 993 flos
576 963 610 993 in
635 971 709 994 area

296 1010 465 1042 Militantis
491 1009 642 1040 ecclesiae

296 1057 348 1088 Ad
375 1057 453 1088 coeli
478 1058 584 1087 servat
607 1056 720 1087 horrea

297 1103 388 1135 Dites
413 1102 534 1134 fructus
555 1102 706 1141 justitiae.

241 1161 272 1192 3.
298 1159 414 1190 Tactus
441 1158 545 1190 divino
570 1158 696 1189 numine

297 1206 425 1244 Spernit
448 1205 584 1236 saeclum
611 1205 659 1235 vir
684 1205 818 1236 coelicus

298 1252 343 1283 Et
364 1252 398 1283 in
422 1251 522 1283 sancti
545 1250 582 1282 fit
605 1251 728 1290 agmine

299 1297 467 1338 Augustini
492 1297 676 1329 Canonicus.

239 1356 271 1388 4.
297 1354 463 1386 Ovantium
487 1353 638 1392 martyrio

298 1400 457 1432 Minorum
482 1399 616 1439 quinque
640 1400 771 1432 militum

297 1447 367 1479 Hoc
388 1447 502 1478 ardens
528 1446 685 1478 desiderio

297 1493 418 1525 Nomen
442 1495 542 1524 mutat
565 1495 597 1523 et
620 1493 770 1526 habitum.

909 769 940 801 5.
966 767 1073 799 Novus
1096 767 1186 798 miles
1210 767 1243 798 in
1268 767 1336 798 acie

966 814 1127 846 Francisci
1154 815 1242 845 dotes
1266 813 1396 852 spiritus

966 861 1092 893 Indooti
1116 861 1223 892 condit
1246 860 1360 899 specie,

968 907 1031 939 Sed
1055 908 1214 939 revelatur
1240 907 1379 938 coelitus.

934 988 940 995 .
967 963 1052 1002 Jesu,
1079 972 1169 1003 quem
1191 966 1285 1003 negat
1306 961 1421 994 infidus

966 1010 1003 1041 1n
1027 1010 1106 1049 cibo,
1131 1010 1233 1041 mulus
1256 1010 1407 1040 sternitur

967 1057 1080 1088 Sancto
1101 1056 1240 1096 jubente,
1266 1056 1320 1096 qui
1343 1054 1424 1087 fidus

967 1104 997 1135 A
1021 1103 1097 1135 Jesu
1120 1111 1215 1142 saepe
1238 1103 1359 1134 visitur.

935 1186 941 1192 .
969 1159 1051 1198 Vita,
1078 1159 1184 1200 verbo,
1209 1159 1369 1190 miraculis

967 1206 1063 1237 Brevi
1088 1206 1226 1236 cucurrit
1248 1205 1394 1247 stadium,

970 1252 1108 1285 illustris
1134 1261 1203 1283 oum
1230 1252 1386 1283 coelicolis

970 1298 1097 1330 Gloriae
1121 1301 1208 1329 tenet
1229 1298 1381 1330 bravium.

937 1380 944 1386 .
971 1354 1077 1386 Sancti
1102 1354 1145 1385 sit
1168 1354 1260 1393 hujus
1285 1354 1404 1394 gloriae

968 1402 1043 1433 Post
1066 1403 1140 1432 vota
1159 1401 1248 1432 testis
1272 1400 1417 1440 publicus

970 1448 1128 1487 Expertus
1151 1446 1331 1488 multifarie,

971 1494 1074 1533 Signis
1099 1503 1190 1533 quam
1213 1494 1255 1525 sit
1278 1493 1438 1525 mirificus.

630 1551 661 1582 9.
689 1549 778 1581 Salus
803 1550 893 1582 nobis
919 1559 988 1583 cum
1011 1548 1137 1581 flamine

685 1596 734 1629 Sit
758 1599 789 1628 et
814 1606 882 1628 cum
908 1599 1000 1636 patre
1023 1597 1156 1637 genitus,

684 1644 839 1676 Antonius
863 1653 932 1675 oum
956 1644 1079 1683 virgine

686 1690 784 1721 Adsit
809 1693 955 1729 precator
979 1691 1115 1722 inclitus.

313 1754 410 1781 Cultot
437 1754 473 1781 <le
492 1751 629 1788 Devocfio
655 1763 671 1781 e
696 1755 850 1790 obsequios
870 1763 926 1791 que
945 1764 977 1782 se
997 1753 1118 1782 dediefio
1139 1763 1174 1782 ao
1193 1755 1407 1792 Thaumaturgo
1427 1755 1528 1782 Portu-

237 1800 309 1826 guez
332 1800 381 1818 sao
397 1792 523 1818 Antonio
544 1792 578 1818 de
590 1792 702 1819 Lisboa
723 1813 729 1819 .
749 1812 756 1818 .
777 1813 783 1819 .
810 1813 813 1819 .
832 1793 942 1820 Lisboa
961 1791 1042 1820 1802.
1063 1792 1092 1820 S.
1106 1790 1142 1820 87
1157 1801 1218 1829 sqq.
1239 1807 1275 1811 —
1297 1793 1398 1821 Sciner
1437 1801 1529 1820 anzen

236 1828 368 1864 Haltung
388 1830 476 1856 ”owie
495 1828 559 1855 dem
578 1829 807 1866 wohlbesorgten
826 1831 927 1858 Reime
945 1831 1020 1857 nach
1040 1831 1088 1857 ein
1107 1831 1211 1857 alteret
1230 1831 1364 1865 Hymnus
1383 1829 1410 1866 (1
1432 1851 1438 1857 .
1460 1831 1528 1858 oder

240 1864 283 1892 14.
304 1865 428 1900 Jahrh.)‚
453 1865 516 1893 dem
541 1866 589 1893 ioh
616 1867 684 1894 aber
710 1868 740 1894 in
766 1867 868 1895 keiner
888 1868 991 1902 Quelle
1010 1868 1151 1904 begegnet
1175 1868 1238 1903 bin;
1264 1868 1346 1895 Met:
1372 1868 1473 1895 Proles
1493 1868 1529 1895 de

238 1903 317 1930 coelo
338 1904 454 1938 prodiit.
473 1917 510 1921 —
529 1902 555 1936 7,
577 1901 594 1930 2
614 1905 712 1931 currit.
732 1919 765 1923 —
787 1903 813 1938 9,
836 1904 850 1932 1
871 1905 957 1933 Salus
978 1906 1111 1933 omnibus
1131 1906 1171 1932 sit
1188 1906 1301 1933 flamen.

646 2003 694 2035 111.
732 2005 774 2035 De
794 2006 901 2036 sancto
922 2004 1104 2045 Augustino.

764 2072 813 2102 Ad
832 2072 985 2109 Vesperas.

239 2138 272 2170 1.
299 2137 417 2170 Civitas
441 2137 530 2169 nobis
554 2138 709 2178 Tagastae

341 2185 476 2224 regionis
500 2183 630 2216 Africae

293 2232 501 2271 Augustinum
525 2232 637 2263 turrim
663 2232 751 2264 dedit

910 2141 941 2172 2.
967 2140 1109 2172 Maxima
1132 2143 1298 2179 parentum
1324 2149 1400 2173 cura

1013 2187 1177 2218 literarum
1200 2187 1314 2219 studiis

966 2233 1062 2265 Brevi
1084 2243 1164 2273 puer
1188 2234 1329 2266 eruditus

343 2277 418 2309 fidei
443 2278 624 2319 catholicae,

296 2324 438 2356 Honesta
462 2327 494 2355 et
517 2325 697 2358 Christiana

347 2371 465 2404 editum
489 2373 648 2412 progenie.

1013 2280 1144 2320 insignis
1170 2281 1291 2320 enituit,

970 2326 1074 2359 Sacris
1099 2328 1180 2358 enim
1205 2330 1236 2358 et
1262 2328 1375 2360 divinis

1019 2375 1175 2414 aptandus
1200 2373 1322 2407 officiis.
