1651 2518
722 80 954 115 -36—

636 191 676 223 16.
715 191 759 222 De
779 189 884 221 saneto
905 188 1034 228 Spiritu.

740 256 788 286 Ad
806 255 942 285 Primam.

200 329 232 361 ].
259 329 304 359 Tc
328 329 406 359 lucis
431 328 463 359 in
487 327 643 367 pn'ncipio
871 325 901 357 2.
926 323 974 355 Ut
996 323 1111 363 spretis
1136 323 1311 355 voluntarie

254 375 420 415 Rogamus,
447 375 528 406 alme
548 373 687 413 spiritus,
929 370 1032 408 Hujus
1056 370 1141 401 vitae
1162 368 1322 400 illecebris

256 421 388 453 Remoto
411 421 495 453 omni
519 420 596 451 vitio
927 416 997 448 Jam
1023 416 1105 448 dono
1128 419 1203 447 tuae
1223 415 1344 455 gratiae

254 467 336 500 Fide
358 467 477 499 firmari
500 467 634 506 penitus,
930 462 1017 494 Coeli
1040 461 1181 494 fruamur
1205 462 1338 502 gaudiis

607 523 638 555 3.
664 520 804 561 Praesta,
830 521 922 557 pater
945 517 1097 557 piissime.

275 586 353 614 Orat.
377 595 429 613 ms.
450 594 524 613 saec.
546 583 589 612 15.
610 584 680 612 Cod.
701 583 730 611 S.
750 582 930 611 Fordinandi
947 582 1094 609 Matriten.
1116 579 1160 608 14.

647 700 688 733 17.
726 702 770 732 De
790 702 894 732 sancto
916 699 1043 740 Spiritu.

741 768 789 798 Ad
809 767 934 798 Sextum.

208 840 238 871 1.
264 838 354 870 Hora
379 837 441 869 diei
463 838 558 869 tertia
878 837 908 870 2.
935 836 1037 875 Mens,
1063 835 1178 875 lingua,
1205 843 1323 876 sensus,
1349 835 1470 867 animus

261 884 310 917 De
337 885 421 916 coelo
449 884 531 915 venit
556 883 696 923 spiritus,
934 883 1040 922 Atque
1066 883 1153 921 vigor
1177 890 1345 921 corporeus

262 931 307 964 Ut
332 934 443 963 cuncta
465 931 565 970 pellat
589 930 665 963 vitia
933 929 1168 969 Discipulorum
1194 930 1316 968 capitur

264 980 292 1011 A
316 977 389 1010 fidis
416 977 532 1010 Christi
555 976 722 1009 mentibus.
937 975 982 1007 Et
1003 976 1036 1007 in
1060 975 1162 1007 Deum
1188 975 1343 1016 dirigitur.

595 1035 626 1067 3.
655 1032 764 1065 Gloria
782 1033 868 1073 patri
891 1032 1026 1064 Domino

651 1079 806 1122 Namque,
837 1078 891 1119 qui
914 1089 933 1110 a
954 1079 1086 1111 mortuis

651 1126 805 1164 Surrexit,
830 1135 868 1157 ac
891 1125 1056 1164 paraclito,

649 1174 708 1212 Qui
733 1174 822 1205 dedit
844 1173 904 1205 hoe
929 1172 1100 1211 discipulis.

276 1237 355 1265 Orat.
375 1246 428 1265 ms.
464 1246 524 1266 aec.
546 1235 590 1265 15.
611 1237 680 1265 Cod.
702 1237 731 1265 S.
751 1237 927 1264 Ferdinandi
947 1237 1095 1264 Matriten.
1118 1235 1162 1264 14.

643 1354 684 1386 18.
724 1353 767 1384 De
786 1354 891 1385 sancto
911 1352 1038 1393 Spiritu.

754 1419 802 1449 Ad
819 1418 942 1449 Nonam.

207 1492 236 1524 1.
263 1491 398 1530 Compar
421 1490 522 1529 patris
548 1491 580 1521 et
603 1489 659 1521 filii
876 1490 906 1521 2.
937 1488 995 1526 Qui
1019 1491 1054 1519 ut
1078 1487 1204 1520 flamma
1228 1488 1376 1528 apparuit

263 1538 358 1569 Venit
380 1537 412 1568 in
436 1537 517 1575 ignis
542 1536 647 1576 specie
935 1534 979 1567 Et
1001 1534 1128 1575 linguae
1153 1534 1285 1566 formam
1312 1535 1433 1576 detulit,

263 1584 399 1624 Spiritus
424 1583 572 1622 adJ'utorii
932 1581 1020 1613 Dans
1044 1581 1135 1613 nobis
1162 1590 1213 1613 eos
1236 1580 1375 1621 perfluos

264 1632 368 1670 Atque
391 1630 633 1662 misericordiae.
935 1629 1041 1668 Atque
1065 1638 1172 1660 amore
1196 1628 1346 1661 fervidos.

540 1687 570 1721 3.
595 1686 665 1718 Deo
689 1686 773 1724 patri
797 1685 840 1716 sit
863 1685 963 1724 gloria

597 1733 736 1772 Ejusque
759 1732 818 1764 soli
841 1730 918 1771 filio,

599 1780 716 1819 Quibus
740 1788 803 1810 una
826 1778 1002 1810 substantia

597 1827 658 1859 Est
682 1826 774 1858 simul
800 1834 868 1857 cum
891 1826 1056 1865 paraclito.

285 1891 363 1920 Orat.
389 1899 441 1918 ms.
469 1898 543 1918 saec.
571 1888 613 1918 15.
648 1890 717 1918 Cod.
739 1888 768 1915 S.
788 1889 967 1917 Ferdinandi
994 1890 1142 1917 Matriten.
1170 1886 1213 1917 14.
1240 1903 1276 1907 —
1306 1887 1335 1923 1,
1361 1887 1379 1916 2
1402 1891 1498 1925 specie

210 1929 290 1956 fehlt.
310 1944 348 1949 —
370 1927 394 1962 1,
415 1926 432 1955 3
452 1928 577 1963 Spiritus
597 1931 722 1956 sanctus.
742 1943 780 1947 —
802 1925 826 1960 1,
846 1926 866 1955 4
885 1927 930 1955 Ad
952 1926 1071 1954 devotos
1091 1926 1315 1954 misericordiae.

656 2037 697 2068 19.
735 2037 778 2068 De
797 2037 903 2068 sancto
923 2035 1050 2076 Spiritu.

706 2103 755 2133 Ad
775 2103 1007 2141 completorium.

214 2173 245 2204 1.
270 2173 309 2205 In
332 2172 411 2204 lucis
436 2172 527 2210 hujus
552 2171 684 2203 termino
889 2173 920 2203 2.
944 2170 1006 2202 Hic
1029 2172 1114 2209 tuuS,
1141 2170 1275 2210 Christe,
1300 2172 1430 2211 spiritus

271 2219 351 2250 Toto
375 2227 539 2258 precemur
563 2219 665 2249 animo
943 2218 1005 2249 Per
1029 2220 1061 2248 te
1081 2213 1204 2260 [datus]
1228 2226 1284 2249 nos
1309 2218 1425 2259 visitet,

272 2265 372 2296 Deum
396 2268 518 2304 patrem
542 2265 726 2305 piissimum,
942 2264 989 2297 Ut
1012 2272 1068 2295 nos
1093 2267 1182 2296 natos
1207 2261 1370 2308 inter[ius]

275 2312 318 2344 Ut
345 2313 399 2343 det
423 2310 513 2344 nobis
536 2312 733 2351 paraclitum.
945 2310 1053 2351 Gulpis
1077 2311 1195 2344 solutos
1219 2315 1352 2346 recreet.
