1651 2518
666 120 898 155 —91—

557 211 616 243 127.
655 212 699 243 De
719 212 827 243 saneta
846 211 996 243 Barbara.

628 279 664 309 In
684 279 772 317 Vesp.
792 282 822 308 et
840 278 931 309 Laud.

141 347 170 379 1.
195 345 334 379 Plaudat
357 346 449 386 plebs
472 347 564 378 laetis
590 347 737 379 cordibus

194 393 231 425 In
254 396 364 425 tantae
388 391 468 424 festo
494 393 625 433 virginis

190 441 311 473 Plausu
337 440 424 478 cujus
449 440 579 479 originis

189 487 397 519 Exsultet.
424 486 580 519 coelum
612 487 752 518 laudi-

526 533 613 566 bus.

133 591 164 622 2.
190 590 233 622 Et
259 589 422 622 Barbarae
444 591 640 632 solemnium,

191 637 280 676 Quod
306 645 385 676 puro
411 638 507 669 eorde
534 637 693 678 solvimus,

189 683 284 715 Nune
307 683 434 723 suscipe
454 687 500 725 tu,
526 692 722 725 quaesumus,

191 730 382 769 Christe,
409 731 655 770 redemptor
679 739 753 762 om-

526 778 645 808 nium.

137 835 168 867 3.
195 834 244 865 Ne
269 832 473 866 formidemus
495 832 616 873 funera,

192 881 314 914 Munda
337 889 402 921 nos,
430 881 528 921 virgo,
554 879 706 922 faecibus,

191 928 368 967 Propinans
393 928 455 958 tuis
481 927 628 967 precibus

190 977 362 1007 Aeterna
399 974 553 1006 Christi
585 982 752 1006 munera.

811 349 843 380 4.
869 348 913 379 Et
936 355 1014 387 quae
1038 343 1142 376 fecisti
1168 344 1298 376 crimina

869 394 952 426 Tolli
976 395 1009 424 te
1032 391 1258 433 invocantibus,

869 441 898 472 A
923 440 1013 471 malis
1038 448 1095 471 nos
1118 438 1319 474 instantibus,

869 488 893 520 Ο
918 487 1115 527 gloriosa
1141 486 1313 523 domina,

812 591 842 622 5.
868 588 1023 630 Defende,
1049 597 1185 629 purgans
1210 591 1327 627 vetera,

866 638 896 669 A
921 635 1140 676 fulgurumque
1163 635 1309 670 motibus.

869 684 997 722 Rogans
1022 683 1181 715 collaudat
1203 683 1332 714 vocibus

871 730 994 769 Quem
1054 732 1195 769 terra,
1252 732 1427 769 pontus,

1202 785 1222 807 a
1230 785 1247 807 e
1256 777 1298 807 th
1309 784 1325 806 e
1333 786 1350 807 r
1360 785 1388 810 a.

812 834 842 866 6.
869 833 918 865 Sit
938 832 1130 873 sempiterna
1154 832 1255 873 gloria

867 880 955 912 Patri
981 883 1013 911 et
1035 879 1205 919 unigenito,

867 927 945 969 Deo,
972 926 1063 958 simul
1089 926 1255 965 paraxlito,

867 974 999 1005 Beata
1023 973 1146 1005 nobis
1171 973 1334 1011 gaudia.

207 1038 552 1066 Brev.1ns.Illerdense
571 1046 642 1066 saec·
670 1036 713 1065 14.
735 1037 803 1065 cod.
825 1037 917 1073 Capit.
938 1037 1072 1064 Illerden.
1095 1034 1138 1064 12.
1159 1036 1193 1063 A.
1213 1050 1250 1054 —-
1269 1037 1346 1063 Brex
1374 1045 1426 1064 ms.

133 1076 291 1103 Illerdense
320 1076 389 1103 anni
413 1074 495 1103 1451.
517 1075 586 1103 C-od
607 1076 702 1110 Capit.
721 1075 857 1103 Illertlen.
878 1084 901 1102 s.
920 1083 949 1101 n
968 1075 1059 1102 13.-—-
1079 1074 1163 1101 Rre
1182 1073 1339 1101 Illertlens
1325 1082 1341 1101 e
1360 1075 1428 1109 imp.

132 1114 257 1141 Illerdae
286 1111 366 1141 1479.
394 1113 424 1140 Ο.
451 1130 487 1133 -
513 1113 597 1140 Brev.
619 1114 744 1141 Oscense
770 1115 799 1139 et
817 1112 904 1140 Jacce
905 1120 956 1139 nse
980 1113 1049 1148 i-mp
1070 1112 1309 1147 Caesari-augusti(
1348 1109 1428 1138 1505.

132 1151 169 1178 D.
190 1166 227 1170 —
246 1150 509 1178 Brev.1'llerdense
529 1152 597 1186 imp.
618 1158 653 1178 ea
688 1148 767 1178 1533.
787 1150 823 1177 Ε.
843 1165 880 1169 -—
900 1147 930 1183 ἵ,

131 1189 295 1216 Procurans
315 1190 374 1215 tuis
389 1188 453 1215 DE.
475 1204 510 1207 —
531 1186 557 1221 4,
581 1186 595 1215 1
610 1188 651 1215 Et
670 1189 720 1223 qui
734 1188 770 1220 C·
791 1188 833 1215 Ut
852 1195 925 1223 quae
941 1187 1004 1214 DE.
1019 1201 1056 1206 --

663 1197 688 1256 ἓ,
710 1223 727 1253 3
747 1226 826 1253 Dent
844 1225 931 1253 simul
952 1227 980 1252 et,
998 1224 1156 1260 paraclitus
1179 1224 1236 1251 OE.

134 1224 159 1259 6,
180 1224 197 1252 ‘2
217 1227 296 1254 Patri
318 1229 347 1253 et
365 1227 532 1262 unigenitus
551 1208 583 1252 ⁷C.
607 1241 612 1245 -

959 1148 973 1176 1
993 1149 1224 1177 Deformidemus
1246 1149 1276 1176 C.
1380 1147 1428 1182 3

1127 1185 1144 1214 3
1159 1186 1328 1214 collaudans
1341 1187 1377 1213 D.

560 1316 620 1347 128.
661 1315 703 1347 De
723 1316 832 1347 sancta
851 1315 1001 1347 Barbara.

653 1382 700 1411 Ad
719 1382 908 1412 Nocturnum.

133 1452 164 1485 1.
190 1451 340 1483 Rerum
366 1454 535 1483 creator
559 1450 732 1491 optime,

193 1498 279 1529 Audi
301 1507 357 1529 nos
382 1499 416 1528 tu
441 1498 597 1537 propitius

192 1544 294 1584 Hujus
319 1547 450 1584 precatu
473 1544 591 1585 mitius,

193 1591 278 1630 Quae
302 1594 334 1622 te
359 1591 472 1624 dilexit
494 1592 613 1624 intime.

135 1648 166 1679 2.
193 1648 256 1679 Pro
281 1649 314 1678 te
337 1647 417 1679 vixit
441 1647 637 1679 sanctissime

193 1693 308 1734 Lapsis
332 1694 489 1733 praebens
512 1694 671 1733 auxilium,

191 1741 294 1773 Tuum
318 1741 475 1773 honorans
498 1740 610 1780 filium,

190 1790 380 1821 Aeterne
404 1796 479 1819 rex
503 1787 725 1819 altissime.

813 1452 844 1483 3.
872 1450 896 1483 O
921 1450 1011 1489 lux,
1038 1450 1168 1482 beata
1192 1450 1394 1489 trinitas,

870 1498 932 1530 Per
956 1498 1119 1529 Barbarae
1142 1497 1328 1537 martyrium

868 1544 931 1575 Det
956 1545 1046 1576 nobis
1071 1544 1261 1584 adjutorium

865 1591 933 1622 Tua
957 1592 1011 1630 pia
1036 1591 1194 1623 divinitas.

813 1648 844 1679 4.
871 1648 933 1679 Pro
958 1648 1091 1689 virgine,
1116 1646 1217 1687 plebs,
1241 1646 1344 1686 jubila

867 1694 954 1726 Dans
979 1694 1089 1726 laudes
1114 1697 1221 1726 sancto
1243 1693 1374 1732 numini,

870 1741 966 1779 Cujus
992 1741 1108 1774 cedunt.
1129 1750 1203 1773 mox
1225 1741 1337 1773 lumini

867 1787 963 1825 Nox,
986 1789 1169 1821 tenebrae
1194 1792 1230 1819 et
1253 1788 1402 1822 nubila.

207 1854 291 1881 Brev.
324 1861 376 1880 ms.
402 1852 562 1880 Illerdense
590 1860 668 1879 saee-
697 1850 740 1879 14.
768 1850 836 1879 Οοᾱ.
862 1852 956 1888 Capit.
981 1852 1116 1881 Illerden.
1148 1850 1190 1880 12.
1216 1853 1250 1880 A.
1276 1867 1312 1873 —-
1343 1853 1427 1880 Br.ev

131 1890 290 1919 Illerdense
316 1891 386 1917 anni
415 1888 495 1917 1451.
517 1888 586 1917 Ood.
609 1890 701 1925 Capit.
721 1890 856 1918 Illerdeu.
877 1899 899 1917 s.
921 1899 949 1916 11.
970 1891 1002 1918 B.
1022 1905 1059 1910 —-
1078 1891 1163 1918 Brev.
1183 1890 1323 1919 Illerdens
1326 1900 1341 1918 e
1360 1892 1400 1918 im
1424 1911 1430 1917 .

130 1928 256 1956 Illerdae
283 1926 365 1956 1479.
395 1927 425 1955 Ο.
451 1943 487 1947 -
508 1927 593 1955 Brev.
614 1928 741 1956 Oseense
769 1930 799 1955 et.
816 1928 955 1956 Jaeeense
981 1930 1050 1965 imp.
1073 1929 1320 1965 Caesaraugustae
1349 1901 1428 1994 15031

130 1966 167 1993 D.
187 1982 224 1987 —
243 1966 328 1994 Brev.
348 1965 506 1993 Illerdense
526 1967 594 2001 imp.
616 1974 657 1993 ea.
681 1963 762 1993 1533.
782 1965 817 1992 E.
838 1980 875 1984 --
898 1965 921 2001 1,
945 1963 962 1993 3
982 1968 1100 2002 precatu
1119 1968 1288 1994 nuntiusD.
1309 1981 1345 1985 —
1364 1966 1391 2000 4,

126 2003 232 2038 jubilis
252 2004 289 2033 D.
309 2020 348 2024 —-
366 2002 393 2037 4,
413 2001 433 2030 4
450 2004 518 2032 Nox
537 2005 567 2030 et.
584 2003 722 2031 tenebrae
737 2003 835 2038 jubila
852 2004 889 2031 D.

562 2095 619 2127 129.
659 2095 702 2126 De
722 2096 832 2127 saneta
849 2095 1001 2127 Barbara.

672 2162 720 2192 Ad
740 2163 894 2201 Vesperas.

133 2235 161 2267 1.
187 2233 212 2266 Ο
239 2233 355 2266 Christi
381 2235 504 2273 martyr
529 2232 649 2273 inclita,

193 2281 288 2322 Virgo
314 2283 438 2313 sacrata
459 2279 612 2321 Barbara,

192 2327 287 2368 Cujus
310 2336 434 2369 pugnae
458 2329 532 2360 sunt
555 2328 684 2360 subdita

191 2375 282 2416 Caro,
306 2376 441 2408 mundus
464 2379 496 2407 et
519 2377 649 2409 tartara.

812 2234 843 2266 2.
870 2234 918 2265 Tu
941 2233 996 2264 lux
1021 2239 1090 2265 orta
1116 2234 1155 2266 de
1177 2234 1316 2266 tenebris

869 2281 956 2313 Luce
979 2278 1173 2320 perfundens
1196 2282 1366 2321 saeculum,

869 2328 1042 2362 Abstracta
1066 2328 1105 2360 ab
1129 2328 1299 2371 illecebris,

867 2376 1004 2416 Frangis
1029 2376 1139 2408 salutis
1163 2378 1328 2411 aemulum.
