1651 2518
716 68 973 101 —276—

206 159 236 190 3.
264 156 409 190 Virorem
433 158 606 197 pudicitiae
878 162 908 192 5.
934 160 1113 200 Flagrantis
1136 161 1186 192 vir
1210 161 1350 201 obsequii

265 203 357 235 Casto
383 207 548 236 conservat
570 213 711 245 corpore,
935 205 1050 237 Ter-ras
1074 207 1149 238 terit
1171 209 1203 238 et
1224 208 1333 250 maria,

262 250 437 290 Exemplar
460 251 671 290 poenitentiae
936 252 1076 283 Palmam
1100 254 1208 284 tenens
1234 254 1349 293 eloquii

263 295 305 328 Se
327 297 462 337 praebet
485 306 540 329 suo
566 300 716 337 tempore.
936 298 1013 329 Alta
1034 298 1143 337 prodit
1166 299 1324 338 mysteria.

205 353 237 384 4.
264 352 369 392 Digna
392 361 469 385 voce
493 352 677 391 prophetica
883 355 914 387 6.
940 354 1090 386 occasum
1114 354 1222 385 mundi
1245 355 1387 386 nesciens

264 400 391 431 Arcana
414 399 528 439 pandit
553 399 699 438 plurima,
939 400 1087 431 Amorem
1113 400 1191 431 coeli
1215 401 1363 440 suggerit,

265 445 419 478 Doctrina
444 446 623 485 evangelica
940 446 1035 485 Spem
1059 455 1079 477 a
1101 446 1235 478 terrenis
1260 445 1404 478 auferens

267 491 379 523 Floret
397 491 531 524 illustris
556 491 670 523 anima.
944 492 1087 532 Superna
1109 492 1199 525 nobis
1222 493 1346 533 ingerit.

615 549 646 580 7.
671 548 769 588 Patri,
794 550 868 580 nato
893 551 926 579 et
948 547 1077 580 flamini.

207 652 220 677 t
283 612 366 640 Brev.
378 613 560 640 Dertusense
578 614 646 648 imp.
660 612 798 648 Lugduni
813 610 894 640 1547.
908 628 944 633 -—
959 611 985 646 5,
1007 610 1023 641 1
1037 613 1088 640 vix
1101 614 1240 650 obsequii.
1255 629 1291 634 -—
1304 612 1329 648 5,
1351 611 1368 641 3
1380 614 1498 641 Plenam

220 657 318 677 exiens,

584 740 652 772 483.
691 739 735 772 De
754 748 778 771 s.
798 739 959 772 Vincentio
977 741 1129 773 Pei-reric.

760 807 809 838 Ad
827 807 951 838 Laudes.

213 877 245 910 1.
270 875 459 913 Deferamus
484 878 628 909 devotius
887 880 919 911 4.
945 877 1011 911 Ubi
1034 879 1133 919 signis
1155 878 1335 919 ingentibus

270 923 397 956 Laudes
423 924 527 956 datori
549 933 723 965 muncrum,
946 925 1064 965 Ampla
1086 926 1187 957 virtus
1212 925 1398 967 ostenditur,

269 971 366 1011 Cujus
390 980 451 1012 ope
476 971 661 1004 Vincentius
947 972 1023 1004 Cum
1048 973 1166 1004 sanitas
1188 972 1417 1013 languentibus,

270 1017 457 1050 Sanctorum
481 1020 570 1051 auxit
593 1028 766 1051 numerum.
943 1018 1112 1051 Defunctis
1136 1020 1202 1052 vita
1221 1019 1377 1052 redditur.

213 1076 245 1106 2.
272 1073 365 1106 Nitet
391 1074 480 1114 virgo
504 1074 692 1114 purissimus
891 1078 921 1108 5.
946 1076 1000 1107 Ad
1019 1076 1145 1115 priseae
1167 1076 1270 1107 laudis
1296 1077 1448 1108 cumulum

270 1121 360 1153 Inter
384 1122 509 1160 piorum
533 1121 667 1162 agmina,
947 1123 1041 1154 Nunc
1063 1122 1248 1155 venetensis
1271 1124 1376 1161 patria

271 1168 531 1201 Praedicatorum
554 1169 708 1200 maximus
949 1168 996 1202 Ob
1019 1169 1101 1200 tanti
1123 1170 1225 1208 patris
1248 1170 1399 1201 tumulum

274 1214 399 1246 Corona
419 1215 521 1253 pollet
544 1215 676 1255 gemina.
948 1216 1065 1255 Maiori
1089 1216 1236 1255 splendet
1259 1217 1367 1256 gloria.

214 1272 245 1304 3.
271 1270 353 1302 Dum
378 1271 442 1301 alta
465 1271 546 1310 petit
570 1271 706 1302 aetheris
893 1273 922 1303 6.
949 1271 1007 1310 Qui
1031 1272 1196 1310 stupendis
1218 1272 1373 1312 prodigiis

272 1318 390 1350 Plausu
413 1318 515 1348 laetus
540 1318 691 1357 angelico,
951 1318 1064 1349 Totum
1091 1318 1221 1349 decoras
1246 1319 1414 1361 saeculum,

275 1364 353 1396 Ossa
375 1364 482 1404 pudici
510 1371 649 1404 corporis
950 1364 1028 1396 Tuis
1053 1373 1145 1396 serva
1169 1365 1347 1404 praesidiis,

272 1409 379 1450 Liquit
403 1410 479 1442 orbe
503 1410 695 1442 Britannico.
948 1411 1044 1449 Quem
1070 1410 1225 1443 decorasti
1250 1413 1409 1451 populum.

623 1467 652 1498 7.
679 1466 776 1507 Pati-1,
802 1470 875 1498 nato
898 1469 929 1497 et
952 1464 1078 1498 flamini.

289 1531 375 1558 Brev.
397 1532 575 1559 Dertusense
594 1533 662 1567 imp.
682 1530 817 1567 Lugduni
839 1528 918 1558 1547.
939 1545 975 1551 -—
996 1528 1020 1565 6,
1043 1529 1062 1557 4
1082 1531 1138 1564 Qui
1158 1532 1308 1560 decorasti.

471 1640 539 1672 484.
581 1641 624 1672 De
643 1649 684 1672 ss.
704 1640 877 1678 Vincentio,
898 1639 1012 1671 Sabina
1031 1641 1063 1671 et
1082 1640 1244 1672 christeta.

750 1707 798 1737 Ad
817 1707 969 1744 Vesperas.

219 1778 249 1809 1.
273 1776 368 1815 Ecce,
392 1779 518 1815 promat
540 1776 660 1818 laudes,
688 1777 773 1808 dicat
890 1777 921 1809 3.
947 1774 1062 1815 Legem
1088 1775 1186 1815 dedit,
1211 1786 1304 1816 quam
1326 1778 1468 1818 implevit

319 1823 486 1862 jubilando
511 1823 650 1855 carmina
995 1821 1172 1853 immolatus
1196 1823 1309 1863 hostia,

276 1869 393 1901 Noster
421 1870 532 1901 chorus
555 1868 744 1909 indefessus,
946 1867 1120 1900 Crucifixus
1144 1872 1178 1899 et
1200 1870 1342 1910 sepultus

321 1917 428 1948 laudet
454 1919 486 1948 et
509 1916 661 1948 miracula
991 1916 1100 1947 mundi
1122 1916 1202 1947 lavit
1223 1917 1363 1962 crimina,

277 1964 436 1997 Creatoris
461 1967 491 1995 et
516 1962 651 2003 regentis
944 1961 1131 1993 Resurrexit
1154 1966 1188 1993 et
1211 1965 1355 1996 ascendit

324 2010 505 2049 angelorum
529 2010 663 2050 agmina.
992 2009 1033 2040 ad
1057 2009 1200 2047 polorum
1225 2011 1370 2046 culmina.

220 2068 251 2098 2.
279 2066 337 2105 Qui
362 2066 497 2097 redemit
521 2068 553 2097 et
576 2065 702 2097 reduxit
890 2066 922 2097 4.
948 2064 1072 2096 Sanctis
1097 2065 1161 2096 suis
1184 2067 1373 2105 praeelectis

324 2112 365 2144 ad
391 2113 469 2144 coeli
492 2111 612 2152 palatia
990 2113 1147 2150 potestate
1171 2113 1299 2152 tradita,

278 2159 374 2191 Suum
397 2160 521 2199 plasma
547 2160 782 2191 condemnatum
949 2157 1140 2196 Corporibus
1168 2167 1205 2190 ex
1228 2159 1366 2194 obsessis

325 2206 487 2238 voluntate
510 2206 649 2245 propria,
993 2203 1122 2244 fugandi
1149 2205 1320 2247 daemonia,

284 2253 466 2292 Serpentini
491 2261 559 2284 cum
582 2251 693 2284 veneni
950 2251 1158 2284 Plurimorum
1185 2252 1400 2287 defunctorum

325 2299 494 2339 assumpsit
517 2298 688 2332 mortifera.
996 2298 1167 2331 suscitandi
1195 2308 1334 2340 corpora.
