1651 2518
743 113 1000 148 —174—

503 212 534 243 5.
558 210 645 242 Eece
668 208 853 247 mirandum,
880 208 1026 239 Leoeada
1047 215 1175 247 surgens

559 256 680 288 Clamat
704 264 742 287 ex
766 254 874 286 tumba
898 254 1054 285 dominam
1079 254 1231 293 polorum,

558 304 659 342 Hujus
681 303 713 333 in
739 301 830 332 terris
855 300 1036 340 meritisque
1061 300 1126 331 vita

601 349 715 381 Vivere
740 352 865 381 castam.

500 427 529 459 6.
557 424 614 462 Qui
638 424 720 463 regit
745 423 840 454 cosmi
862 421 1075 462 fabricamque
1101 422 1203 454 coelos

555 470 654 510 Gyrat
678 471 833 509 immotus,
858 471 950 509 pater
975 472 1082 509 estque
1106 471 1225 509 gnatus,

554 517 696 557 Flamen,
724 518 771 548 est
793 517 893 548 'trinus
918 515 1003 547 Deus
1027 523 1104 547 unus
1129 518 1202 548 ante

607 564 740 596 Saecula
762 571 897 602 semper.

302 629 385 656 Biov.
406 630 596 656 Zamoranum
614 629 682 664 imp.
705 625 785 656 15**.

592 756 656 787 297.
695 755 730 787 In
748 755 931 787 Inventione
949 764 973 786 s.
993 755 1149 788 lldefonsi.

746 823 793 852 Ad
813 823 1001 853 Nocturnum.

499 892 529 924 1.
554 892 648 933 Eece,
675 900 758 923 nune
780 894 902 931 tempus
926 892 1093 923 mediantis
1114 892 1253 933 umbrae,

554 940 620 979 Quo
644 938 749 971 David
771 939 866 977 jussit
889 937 1022 970 Domino
1048 938 1152 978 fateri,

552 985 645 1017 Nune
669 986 710 1017 ad
733 984 858 1017 Alfonsi
883 987 1084 1018 memoranda
1107 988 1195 1025 gesta

600 1031 734 1072 Surgste,
760 1030 893 1063 fratres!

496 1109 526 1139 2.
552 1107 646 1146 Eece,
673 1115 762 1147 quem
787 1107 875 1147 virgo
900 1105 969 1139 fore
993 1107 1184 1139 naseiturum

553 1153 686 1186 Nuntiat
709 1154 811 1197 matri,
839 1153 966 1186 radians
990 1155 1022 1185 in
1047 1153 1155 1186 orbem

550 1201 643 1233 Sidus
668 1201 853 1241 Hispanum,
879 1200 1024 1233 tenebras
1048 1201 1204 1239 repellens

600 1247 853 1287 Hespericorum.

497 1324 529 1355 3.
554 1322 648 1362 Ecce,
675 1331 765 1362 quem
785 1325 892 1361 patres
914 1330 1050 1363 genuere
1076 1322 1162 1365 clari,

554 1369 649 1408 Ecce,
675 1378 765 1408 quem
790 1370 892 1401 sancti
917 1369 1050 1400 docuere
1074 1371 1192 1408 patres,

554 1416 737 1448 Praesulum
761 1416 918 1455 princeps,
944 1415 1086 1447 Isidorus
1111 1416 1210 1447 almus

599 1462 828 1502 Eugeniusque.

496 1539 527 1570 4.
553 1536 647 1578 Eece,
672 1545 765 1576 quem
787 1537 888 1569 virtus
911 1545 1043 1575 puerum
1069 1536 1207 1579 decorat,

555 1584 689 1616 Candidi
713 1583 816 1616 vultus
840 1584 978 1624 gravitas
1003 1584 1151 1624 verenda,

556 1631 713 1663 Coelibem
738 1638 862 1669 semper
886 1630 953 1662 sine
976 1630 1049 1662 labe
1074 1631 1168 1662 vitam

598 1677 660 1709 Hie
683 1677 850 1710 adamavit.

496 1755 526 1785 5.
550 1753 608 1791 Qui
633 1753 714 1792 regit
739 1752 833 1783 cosmi
858 1751 1071 1792 fabricamque
1092 1752 1194 1783 coelos

557 1800 658 1838 Gyrat
680 1800 834 1838 immotuS‚
860 1801 951 1838 pater
975 1802 1068 1839 atque
1092 1802 1213 1839 gnatus,

553 1846 694 1886 Flamen,
721 1847 769 1877 est
791 1846 891 1877 trinus
916 1845 1001 1877 Deus
1027 1855 1105 1877 unus
1130 1849 1203 1877 ante

600 1892 732 1925 Saecula
755 1901 887 1932 semper.

298 1958 382 1985 Brev.
403 1958 593 1985 Zamoranum
612 1958 680 1993 imp.
703 1954 781 1985 15**.

591 2076 656 2108 298.
696 2077 730 2108 ln
747 2076 929 2108 Inventione
948 2084 972 2107 s.
992 2076 1149 2108 ildefonsi.

771 2144 818 2173 Ad
836 2143 962 2174 Laudes.

498 2214 526 2246 1.
552 2213 647 2253 Eece,
670 2213 736 2252 jam
761 2213 847 2244 sidus
872 2211 1027 2244 rubefecit
1051 2215 1179 2253 astrum,

551 2260 631 2299 Lux,
656 2261 741 2292 color
764 2260 857 2291 rebus
882 2259 1023 2300 redeunt,
1051 2259 1172 2300 diescit,

549 2308 675 2339 Perstat
696 2305 822 2339 Alfonsi
848 2307 958 2339 chorus
982 2307 1014 2338 in
1041 2308 1179 2339 canendo

599 2353 729 2388 Cantica
751 2354 889 2388 laudum.
