1651 2518
773 108 1020 144 —256—

261 188 437 235 Riv}1›11llen.
467 191 528 221 145.
547 195 582 222 E.
610 210 639 214 —
671 198 753 225 Brev.
778 208 829 225 ms.
849 201 1059 232 Barcinoneuse
1078 213 1150 232 saec.
1173 202 1215 231 15.
1237 204 1305 232 Cod.
1327 203 1419 238 Capit.
1440 202 1539 228 Vicen.

263 225 337 269 CIX.
360 228 392 255 E.
418 243 453 273 -Ι-
482 232 564 259 Brev.
584 232 881 298 Glaesarauffustanum
903 240 970 274 imp.
988 241 1118 269 Venetiis
1145 240 1225 269 1496.
1246 241 1279 269 G.
1308 255 1344 261 --
1370 240 1451 266 Brev.
1472 239 1540 265 Bar—

264 271 420 293 ⁰¹¹¹⁰¹²e¹²30
439 275 507 302 ¹11¹P·
528 270 706 298 Barcinonae
745 270 808 300 540.
830 275 865 300 Η.
885 289 919 293 —
940 276 983 303 Ad
995 277 1135 313 Vesperas
1148 279 1232 306 BCD.
1254 293 1290 297 —
1309 277 1336 312 4,
1360 275 1373 304 1
1395 285 1458 303 cum
1478 276 1540 302 lae-

261 301 335 364 ξϊίε
355 302 390 346 Ε..
410 317 447 322 —
466 303 493 343 4,
513 303 530 332 2
550 309 582 334 tu
601 308 748 342 praedaris
769 309 835 337 oder
853 313 1006 346 praeclaris
1025 314 1060 341 Ε.
1079 329 1116 335 ·—
1134 314 1161 348 4,
1180 313 1198 343 3
1210 317 1303 352 Tegat
1321 315 1404 343 illum
1424 314 1459 341 de
1473 312 1539 345 AE3

290 341 357 373 ogat
375 339 458 367 illum
478 344 510 369 Β.

696 490 764 521 446.
803 490 845 522 De
864 495 970 524 sancta
989 494 1109 526 Thecla.

803 574 838 603 In
856 575 1012 607 Laudibus.

271 656 300 688 1.
324 656 458 695 Optatus
485 658 551 689 dies
575 659 694 698 rutilat,
943 665 974 695 4.
1000 662 1093 702 Cujus
1119 673 1227 703 corpus
1254 667 1421 708 virgineum

325 703 361 734 111
388 712 448 743 quo
474 708 615 736 sanctum
640 706 822 738 solemnium
1000 708 1157 750 Flammis,
1181 710 1255 743 feris
1279 714 1462 755 expositum,

327 749 446 781 Beatae
471 751 588 784 Thecla
612 752 726 796 radiat,
999 756 1044 789 Ut
1067 758 1152 795 prius
1177 766 1295 798 purum,
1321 759 1462 799 nitidum,

327 796 423 829 Lucis
446 798 738 831 Tarraconensium.
1000 802 1160 835 Remansit
1182 804 1242 835 Dei
1266 804 1430 838 fervidum.

269 865 302 896 2.
330 864 419 896 Haec
442 864 548 896 hausit
572 865 661 898 Pauli
685 867 802 897 semina
945 871 975 900 5.
1001 867 1067 899 Ista
1089 867 1168 900 fulta
1191 870 1356 910 miraculis,

328 911 500 943 Doctrinae
525 912 616 944 victis
642 912 791 954 hostibus,
949 939 952 942 .
1001 915 1046 945 At
1068 919 1139 954 post
1162 916 1259 947 multa
1281 918 1440 960 martyria,

329 958 457 991 Cunctis
479 959 512 990 iu
537 959 626 992 bonis
649 961 772 999 gemina
1002 962 1215 1001 Protomartyr
1240 966 1287 994 est
1309 963 1427 1002 titulus,

329 1006 418 1038 Fluit
441 1004 557 1039 florens
581 1008 614 1039 in
639 1005 778 1041 floribus.
1002 1007 1134 1040 Summis
1156 1009 1257 1040 tendit
1279 1010 1312 1040 in
1336 1010 1448 1049 patria,

270 1076 289 1105 3
329 1073 408 1105 Hac¹
443 1077 489 1104 est
515 1072 622 1113 puella
645 1073 773 1113 placida
946 1077 976 1108 6.
1002 1074 1097 1115 Virgo
1122 1075 1275 1106 translata
1296 1075 1412 1118 mirice,

327 1120 437 1152 Hostis
462 1121 562 1153 minas
588 1120 750 1160 abjiciens,
1003 1122 1135 1154 Praesta
1160 1121 1241 1153 clero
1265 1121 1455 1161 praesidium

327 1167 480 1200 Constans
504 1168 623 1200 virtute
646 1168 760 1209 virida,
1004 1169 1058 1200 Ad
1083 1170 1224 1200 cunctam
1246 1169 1369 1208 plebem
1393 1169 1513 1209 respice

330 1216 474 1255 Carnem,
500 1217 650 1248 mundum
676 1215 864 1248 devinciens.
1007 1215 1083 1247 Loci
1107 1216 1391 1249 Tarraconensium.

665 1283 696 1314 7.
722 1281 767 1314 Ut
792 1281 834 1313 ad
858 1281 974 1313 Christi
999 1282 1169 1313 convivium

718 1329 816 1361 Recto
839 1329 984 1361 intendat
1008 1329 1142 1362 tramite.

720 1376 797 1408 Post
819 1376 904 1408 vitae
927 1376 1017 1415 hujus
1043 1376 1157 1408 exitum

723 1423 794 1455 Sint
817 1423 849 1454 in
874 1426 1051 1455 sanctorum
1076 1423 1191 1463 requie.

342 1498 426 1526 Brev.
437 1498 636 1525 Barcinonens,
665 1499 733 1533 imp.
746 1498 926 1525 Barcinonae
943 1494 1023 1524 1540.
1038 1512 1074 1516 —
1088 1495 1114 1531 2,
1128 1496 1147 1524 4
1156 1497 1238 1524 Lies:
1252 1497 1319 1524 Fuit
1331 1495 1398 1524 oder
1413 1495 1501 1522 cluit?
1515 1508 1551 1515 --

269 1556 296 1570 „J
316 1534 336 1564 4
355 1536 512 1564 deviciens.
531 1552 568 1555 —-
584 1533 613 1569 4,
632 1533 651 1562 4
670 1536 740 1563 Lies
761 1536 821 1563 Deo
842 1535 1004 1563 fervidum?
1025 1534 1076 1562 diu
1093 1534 1250 1563 fervidum?

702 1693 769 1724 447.
808 1693 852 1724 De
870 1694 979 1724 sancta
999 1692 1118 1724 Thecla.

786 1779 834 1808 Ad
853 1779 1040 1809 Nocturnum.

265 1868 294 1899 1.
322 1867 444 1907 Pangat
468 1867 579 1899 chorus
605 1868 795 1905 coelestium,
944 1870 975 1902 3.
1002 1868 1097 1907 Virgo
1124 1868 1247 1908 decora,
1273 1866 1401 1907 fulgida,

319 1913 469 1945 Exsultet
494 1923 554 1945 vox
577 1915 790 1957 psallentium,
998 1914 1160 1946 Cruciatus
1183 1923 1245 1945 non
1267 1914 1389 1952 timida,

322 1960 441 1991 Thecla
468 1960 625 1992 Christum
651 1960 818 2000 glorificat,
996 1962 1089 2001 Urso,
1116 1964 1205 1992 tauro
1230 1970 1292 1992 non
1316 1960 1442 2000 pavida,

321 2007 418 2045 Quam
445 2007 572 2039 castitas
599 2006 760 2041 clarificat.
997 2007 1137 2046 Impetra
1160 2007 1251 2038 nobis
1276 2007 1391 2046 lucida,

262 2071 292 2101 2.
318 2070 442 2102 Devota
466 2071 556 2110 plebs
580 2071 721 2103 fidelium
937 2075 968 2106 4.
997 2072 1105 2115 Gloria
1129 2071 1197 2112 tibi,
1222 2072 1364 2112 Domine,

320 2116 390 2148 Hoc
414 2120 555 2148 sanctum
579 2118 756 2149 natalitium
996 2118 1055 2156 Qui
1080 2118 1234 2149 coronasti
1256 2118 1350 2149 hodie

320 2162 457 2194 Theclae
482 2163 593 2195 beatae
618 2164 746 2203 virginis
993 2164 1142 2197 Theclam
1167 2165 1273 2194 tantae
1295 2163 1464 2202 prosapiae

318 2208 452 2248 Hymnis
477 2210 650 2249 triumphet
673 2210 799 2243 inclitis.
895 2245 898 2251 ¹
991 2211 1028 2241 In
1053 2210 1244 2248 sempiterna
1267 2209 1401 2240 saecula.

333 2281 418 2308 BreV.
438 2289 491 2307 ms.
512 2282 671 2309 Illerdense
688 2290 763 2309 saec.
782 2280 826 2310 13.
847 2282 915 2310 Cod.
936 2282 1028 2316 Capit.
1047 2282 1181 2309 mex-den.
1201 2290 1224 2308 s.
1243 2290 1272 2308 ιι.
1285 2282 1319 2309 Α.
1338 2296 1377 2302 -
1389 2282 1474 2311 Brev.
1496 2294 1547 2313 ms.

259 2317 417 2345 Illerdense
437 2326 511 2345 saec.
534 2317 576 2345 14.
599 2318 666 2345 God.
688 2319 780 2354 Capit.
800 2319 933 2347 Illerden.
957 2318 998 2346 12.
1018 2319 1051 2345 Β.
1071 2333 1108 2337 —
1127 2319 1210 2346 Brev.
1232 2327 1282 2345 ms.
1299 2319 1458 2347 Illerdense
1476 2323 1546 2349 anni

261 2351 341 2380 1451.
363 2353 430 2381 Cod.
452 2354 544 2390 Capit.
563 2355 697 2382 Illerden.
718 2365 740 2383 s.
761 2365 788 2384 n.
813 2356 843 2383 C.
874 2374 898 2377 —
920 2357 1002 2384 Brev.
1021 2356 1178 2383 Illerdense
1196 2357 1265 2390 imp.
1286 2364 1328 2383 ca.
1350 2354 1431 2384 1533.
1451 2358 1487 2385 D.
