1651 2518
657 94 918 129 —255—

574 185 643 217 444.
683 187 726 217 De
745 186 900 217 sancta'fh
914 185 999 217 ecla.

672 254 720 283 Ad
739 253 894 291 vesperas.

139 319 169 351 1.
197 319 304 351 Proles
329 320 512 359 praecelsae
539 320 666 360 virginis

195 367 335 399 Inlustra
360 376 416 399 nos
443 367 602 406 divinitus,

197 414 305 452 Ignem
330 413 429 446 divini
453 413 579 445 luminis

194 459 369 493 infundens
392 460 483 492 nobis
509 461 649 494 coelitus..

138 518 168 550 2.
194 516 240 550 Ut
261 517 398 549 Theclae
421 516 623 549 beatissimae

196 562 294 596 Gesta
316 564 412 604 plena
434 564 603 596 virtutibus

197 612 371 650 Pangamus
398 611 599 643 devotissime

198 658 290 690 Puris
313 658 428 698 linguis
452 661 485 689 et
507 658 673 690 mentibus.

138 715 169 747 3.
195 715 297 755 Pauli,
325 714 461 747 doctoris
486 715 633 755 gentium,

194 762 278 794 Dum
303 761 457 794 doctrinis
480 762 642 802 imbuitur,

195 809 307 848 spreto
333 809 418 840 cultu
442 809 603 849 gentilium

193 856 358 895 Templum
382 856 443 888 Dei
468 855 614 890 efficitur.

135 913 165 945 4.
194 912 288 951 Cujus
314 912 406 944 dulce
431 912 618 945 connubium

193 960 275 992 Tota
297 962 403 991 mente
426 960 645 1000 complectitur

192 1007 236 1039 Et
260 1015 351 1038 omne
377 1007 480 1039 carnis
505 1007 614 1040 vitium

192 1054 305 1086 Procul
327 1053 366 1085 ab
391 1054 449 1086 illa
472 1054 611 1094 pellitur.

816 322 847 354 5.
873 320 959 361 Ignis
985 321 1062 352 vicit
1084 321 1231 352 incendia

872 368 987 399 Sancto
1013 368 1171 399 calescens
1195 366 1331 409 fiamine,

874 414 982 446 Calcat
1005 415 1098 446 bruta
1122 413 1240 446 ferocia

871 461 967 494 Fulta
988 461 1051 493 Dei
1074 461 1253 493 munimine.

813 518 843 551 6.
872 517 1032 549 Scandens
1057 518 1172 550 montis
1198 517 1326 557 fastigia

870 565 1036 605 Signorum
1059 564 1162 605 fulget
1183 565 1310 606 lumine,

870 611 1020 645 Crucifixi
1044 613 1178 652 vestigia

868 659 950 691 Toto
975 668 1108 700 sequens
1132 659 1304 691 conamine.

815 716 844 748 7.
870 716 991 748 Ferens
1018 716 1180 748 ardentem
1205 717 1384 755 lampadem

868 764 1016 796 Occurrit-
1039 772 1154 802 sponso
1179 763 1344 804 virginum,

869 811 898 842 A
924 819 984 849 quo
1007 811 1123 843 vestita
1146 811 1277 850 cyclade

871 857 958 890 Coeli
984 856 1018 889 fit
1042 866 1169 889 consors
1193 858 1361 898 agminum.

812 917 844 948 8.
870 915 942 953 Ora,
969 917 1112 956 patrona,
1139 913 1317 957 Dominum,

868 962 916 994 Ut
938 970 996 993 nos
1021 961 1133 1001 culpae
1155 962 1291 1002 caligine

870 1009 1001 1040 Pressos
1031 1017 1050 1039 a
1074 1009 1146 1040 labe
1172 1008 1334 1041 criminum

870 1054 981 1087 Solvat
1004 1064 1061 1087 sua
1088 1054 1264 1088 dulcedine.

528 1111 559 1143 9.
585 1112 726 1149 Praesta,
752 1111 846 1144 beata
869 1111 1004 1148 trinitas.

582 1157 682 1190 Nobis
707 1159 782 1190 licet
803 1159 978 1202 immeritis,

583 1206 629 1239 Ut
652 1206 748 1237 simus
772 1208 827 1237 tua
852 1206 962 1238 civitas

580 1252 699 1284 Beatae
722 1252 861 1285 Theclae
884 1253 1013 1285 meritis.

208 1317 291 1344 Brev.
311 1317 529 1345 Tarraconense
548 1318 617 1353 imp.
637 1318 818 1346 Barcinonae
840 1316 921 1346 1484.
940 1318 975 1345 A.
996 1335 997 1338 =
1046 1318 1129 1345 Brev.
1150 1327 1202 1345 ms.
1218 1320 1431 1346 Barcinononse

132 1361 207 1381 saec.
238 1352 281 1381 15.
303 1354 370 1381 Cod.
392 1354 480 1382 Arch.
502 1355 604 1382 Col-on.
625 1355 765 1392 Ari-agon.
786 1356 961 1391 Rivipullen.
990 1354 1051 1383 145.
1073 1356 1104 1382 Β.
1126 1370 1141 1374 -
1159 1370 1162 1373 -
1182 1356 1265 1383 Brev.
1287 1364 1338 1383 ms.
1360 1355 1428 1382 Bar-

134 1392 289 1419 cinonense
315 1399 390 1419 saec.
420 1390 463 1419 15.
485 1392 552 1420 Cod.
575 1393 668 1429 Capit.
688 1394 790 1420 Vicen.
813 1393 886 1420 CIX.
908 1393 937 1421 C.
967 1408 1000 1411 —
1021 1395 1106 1421 Brev.
1131 1392 1429 1428 Caesaraugustanum

135 1429 205 1463 imp.
226 1429 358 1457 Venetiis
380 1427 461 1457 1496.
481 1431 518 1457 D.
539 1445 575 1449 —
595 1431 679 1458 BreV.
701 1431 915 1459 Barcinonense
934 1432 1002 1466 imp.
1022 1432 1203 1459 Barcinonac
1224 1429 1303 1458 11540.
1323 1430 1358 1458 E.

570 1521 637 1552 445.
671 1521 713 1552 Dc
733 1522 841 1552 sancta
860 1521 982 1553 Thecla.

655 1587 703 1616 Ad
720 1586 909 1617 Nocturnum.

136 1655 165 1687 1.
192 1655 320 1695 Thecla,
347 1654 406 1686 tibi
432 1656 662 1695 congaudentes

192 1703 300 1741 Atque
323 1701 383 1733 tibi
407 1703 580 1734 servientes

193 1748 260 1781 Fac
283 1749 316 1780 in
341 1758 430 1780 suum
454 1752 552 1788 ponat
577 1750 704 1781 chorum

192 1796 329 1836 Magnus
353 1796 503 1835 princeps
527 1797 717 1836 angelorum.

133 1853 163 1886 2.
191 1853 274 1892 Quos
299 1853 341 1885 ad
365 1853 480 1885 bonum
507 1852 594 1885 vides
619 1854 720 1885 lentos

190 1900 235 1932 Et
257 1900 397 1940 peccatis
414 1901 481 1940 jam
508 1901 650 1932 detentos

189 1948 257 1980 Fac
280 1949 314 1979 in
338 1947 453 1979 bonum
477 1948 524 1979 sic
547 1949 714 1991 mutentur,

192 1995 234 2028 Ut
256 1995 287 2026 in
314 1995 383 2027 Deo
407 1995 592 2036 glorientur.

813 1658 845 1689 3.
873 1656 937 1689 Sub
963 1657 1090 1689 Nerone
1113 1657 1210 1688 Paulo
1236 1657 1349 1698 credis,

875 1703 1005 1745 sponso,
1033 1704 1128 1735 matri
1152 1713 1213 1735 non
1238 1703 1357 1743 obedis,

872 1751 968 1792 Ignis,
996 1759 1077 1790 ursa,
1102 1759 1241 1792 serpens,
1267 1751 1327 1790 leo,

869 1797 966 1829 Tauri
992 1798 1108 1830 cedunt
1132 1798 1227 1830 dante
1250 1797 1329 1832 Deo.

813 1855 844 1886 4.
871 1854 972 1885 Iudex
997 1854 1106 1896 saevit,
1132 1859 1167 1887 tu
1190 1854 1319 1885 laetaris

868 1901 968 1933 Iudex
991 1902 1106 1943 plorat,
1132 1905 1167 1932 tu
1184 1902 1324 1941 precaris

867 1948 971 1988 Rogas
994 1949 1082 1980 illum
1109 1949 1149 1980 de
1173 1949 1283 1988 salute,

873 1995 969 2035 Cujus
993 1996 1127 2028 mundus
1152 1998 1215 2028 stat
1238 1995 1362 2028 virtute.

527 2053 558 2086 5.
584 2052 653 2084 Deo
678 2052 788 2084 laudes
812 2050 995 2092 referamus,

579 2100 635 2132 Illi
658 2100 718 2131 soli
743 2100 926 2139 serviamus,

581 2147 677 2187 Cujus
701 2148 801 2180 virtus
826 2147 1006 2179 veneranda

580 2194 642 2227 Est
663 2194 697 2225 in
720 2194 838 2227 sanctis
863 2194 1059 2227 admiranda.

205 2262 288 2289 BreV.
316 2261 535 2290 Tarraconense
561 2261 629 2296 imp.
654 2260 837 2288 Barcinonae
864 2257 944 2288 1483.
964 2259 997 2286 A.
1025 2274 1059 2278 —-
1080 2260 1163 2287 Brev.
1192 2269 1243 2287 ms.
1271 2259 1429 2289 Illerdense

128 2307 203 2327 saec.
225 2296 269 2326 13.
291 2298 360 2327 Cod.
381 2299 474 2335 Capit.
494 2298 629 2327 Illertlen.
651 2307 673 2326 s.
693 2307 721 2325 n.
742 2298 775 2326 B.
796 2313 829 2318 —
853 2298 936 2326 Brev.
957 2306 1009 2325 ms.
1023 2297 1181 2326 Illertlense
1201 2306 1275 2325 sacc.
1297 2296 1334 2326 14
1358 2298 1427 2327 eod„

129 2335 221 2372 Capit.
242 2336 377 2364 Illertlen.
407 2335 450 2364 12.
473 2337 503 2364 C.
530 2351 566 2356 ω-
592 2337 676 2365 Brev.
697 2345 749 2364 ms.
769 2336 928 2364 Illerdense
948 2337 1017 2363 anni
1039 2334 1119 2363 1451.
1142 2335 1209 2364 Cod.
1232 2337 1326 2372 Capit.
1345 2337 1427 2365 Iller-

127 2374 190 2402 den.
212 2384 233 2402 s.
255 2383 282 2401 n.
303 2376 340 2403 D.
363 2392 393 2395 —-
418 2375 501 2402 Brev.
522 2383 574 2403 ms.
591 2376 807 2404 Barcinonense
826 2382 901 2405 saec.
924 2373 966 2403 15.
982 2374 1051 2403 Cod.
1065 2374 1150 2402 Arch.
1168 2373 1270 2403 Coron.
1285 2375 1425 2411 Arragon.
