1651 2518
669 106 928 142 —217-

154 204 184 234 5.
212 200 308 240 Cujus
333 211 395 234 non
419 201 499 234 latet
524 201 646 233 oculum
833 204 862 236 7.
889 203 1069 244 Quingentis
1094 203 1176 235 alter
1200 203 1334 235 numulis

212 248 383 280 Greaturae
406 247 583 290 latibulum,
889 251 982 283 Alter
1005 259 1080 283 vere
1104 250 1346 290 quinquagenis;

208 295 391 335 Proponens
415 295 640 328 immutabilem
890 298 948 337 Qui
972 297 1166 338 rependendi
1193 297 1332 329 debitum

208 342 413 375 Remissionis
438 344 592 382 speciem:
890 344 960 376 Non
986 344 1123 377 habuere
1146 345 1292 384 pretium.

153 411 183 442 6.
210 409 327 450 Simon,
353 410 455 449 inquit
480 410 660 449 domestice,
829 412 859 444 8.
888 411 1073 451 Compassus
1096 412 1190 443 corde
1214 411 1352 443 creditor

211 456 334 488 Affatus
360 457 538 497 allegorice,
885 459 1022 490 Indulsit
1045 457 1240 498 beneficium,

210 503 281 536 Duo
306 503 435 536 fuerunt
458 504 608 544 homines,
885 505 946 536 Dic
969 506 1084 545 itaque,
1112 506 1179 545 quis
1204 505 1370 545 plurimum

209 550 343 583 Diverso
368 551 465 582 vincti
490 550 628 591 foenore,
882 552 1002 584 Horum
1028 552 1137 584 dilexit
1161 553 1357 592 praemium?

539 628 570 662 9.
597 627 686 665 Quod
710 627 884 667 promisisti
908 628 1050 660 omnibus

597 675 645 707 Te
669 683 743 706 vere
770 674 970 713 diligentibus

595 720 670 753 Cum
695 724 787 761 patre
811 724 843 752 et
866 724 973 753 sancto
998 721 1110 761 spiritu

592 768 630 800 In
655 769 848 807 sempiterna
870 770 1005 802 saecula.

226 842 310 870 BreV.
335 851 391 870 sec.
418 842 548 878 regulam
576 851 598 870 s.
623 842 731 869 Isidori
757 844 826 878 imp.
850 842 946 869 Toleti
971 839 1052 869 1502.
1078 856 1115 860 —
1143 841 1171 875 1,
1201 841 1218 869 2
1243 844 1381 877 capitilio.
1407 859 1444 863 ——

151 878 176 914 2,
198 878 217 907 4
238 882 338 908 Crucis
359 881 456 908 servit.
478 896 514 899 —
535 879 560 914 7,
582 878 599 908 3
620 881 735 914 repetiti
755 880 891 907 debitum.
912 896 948 899 —
962 880 1034 907 Dies
1047 879 1121 906 Lied
1139 881 1179 907 ist
1196 879 1358 916 gleiehfalls
1380 883 1441 909 eine

151 918 307 953 mogliehst
324 918 533 955 ungesohiokte
545 917 684 945 Auswahl
703 926 762 945 von
774 918 886 945 Versen
905 925 957 944 aus
977 917 1040 945 dem
1055 917 1189 952 Hymnus
1209 918 1245 945 ad
1264 918 1442 946 mandatum:

150 956 223 983 Dum
246 958 333 988 pielas
356 957 526 988 multimoda,
553 956 607 982 den
634 963 700 982 man
725 955 897 991 vergleiche.
935 955 971 982 In
999 955 1063 982 dem
1083 954 1291 991 Originalliede
1310 956 1362 983 hat
1376 957 1444 991 jede

151 994 274 1029 strophe
300 992 316 1020 (3
340 993 454 1027 Zeilen,
479 994 543 1020 hier
567 1001 621 1020 nur
654 994 720 1020 vier.
761 993 797 1020 In
822 992 872 1019 das
904 992 1122 1020 Mozarabische
1139 993 1257 1020 Brevier
1286 994 1326 1020 ist
1350 994 1442 1022 (lienes

152 1031 332 1058 Bmchstiick
358 1039 414 1058 nur
437 1031 526 1058 durch
547 1030 696 1065 Cisneros,
722 1030 987 1065 beziehungsweise
1006 1030 1086 1057 Ortiz
1109 1030 1289 1065 gekommen.
1327 1031 1362 1058 Iu
1389 1032 1444 1059 den

152 1069 230 1096 alten
250 1068 475 1096 Handschriften
495 1068 544 1096 des
564 1069 648 1095 Ritus
668 1068 732 1094 tritt
751 1077 780 1096 es
800 1067 882 1095 nicht
900 1068 956 1094 auf.

545 1206 609 1238 382.
644 1206 688 1237 De
707 1214 731 1237 s.
751 1205 850 1238 Maria
868 1206 1060 1245 Magdalena.

157 1289 185 1321 1.
213 1288 279 1326 Quo
305 1290 477 1327 pascuntur
502 1288 581 1319 coeli
606 1286 689 1318 cives
829 1287 859 1318 3.
885 1284 1019 1318 Fontem
1042 1286 1152 1317 lavans
1177 1286 1372 1325 emundatur,

212 1337 298 1368 Pane
320 1343 444 1373 semper
468 1335 559 1366 homo
583 1333 670 1365 vives
885 1332 967 1364 Dum
992 1334 1031 1365 ab
1056 1333 1126 1372 ipsa
1150 1332 1219 1365 fons
1244 1333 1378 1374 lavatur,

257 1383 293 1415 In
321 1382 449 1414 coelesti
474 1382 571 1423 curia,
932 1378 993 1412 Vas'
1019 1381 1169 1412 emundat
1192 1381 1364 1420 proprium,

212 1430 245 1462 Si
270 1429 392 1461 Mariae
416 1437 474 1468 per
500 1426 675 1467 exemplum
884 1427 937 1458 Ad
963 1436 1016 1459 cor
1039 1427 1229 1465 poenitendo
1253 1428 1337 1459 redit

213 1476 330 1508 Summi
354 1476 415 1509 Dei
437 1475 494 1507 fias
519 1474 669 1515 templum
885 1474 937 1513 Et,
963 1477 998 1506 ut
1020 1474 1118 1516 decet,
1146 1476 1241 1507 corde
1262 1475 1363 1506 credit

258 1523 377 1555 Ductus
402 1523 603 1562 poenitentia.
933 1521 986 1553 Sic
1008 1522 1042 1553 in
1067 1520 1127 1552 Dei
1152 1520 1261 1553 filium.

152 1592 184 1623 2.
211 1589 324 1621 Sacros
347 1588 445 1630 pedes
470 1589 579 1620 lavans
605 1586 721 1618 Christi
824 1588 856 1618 4.
883 1586 979 1626 Cujus
1005 1588 1086 1619 dono
1113 1588 1251 1619 caritatis

214 1636 318 1669 Corde
342 1644 431 1676 puro,
457 1635 547 1666 vultu
570 1634 655 1666 tristi
884 1634 938 1666 Sic
962 1634 1148 1666 mundemur
1172 1644 1192 1666 a
1214 1636 1363 1678 peccatis,

257 1684 399 1723 Propriis
422 1682 502 1713 haec
523 1681 674 1719 lacrimis
929 1681 976 1714 Ut
999 1681 1154 1721 possimus
1181 1682 1276 1714 edere

210 1731 289 1770 Ejus
313 1729 413 1762 nardo
439 1731 533 1769 caput
556 1728 645 1768 ungit
882 1728 990 1768 Regno
1015 1737 1070 1760 suo
1095 1737 1208 1768 panem
1230 1737 1347 1768 verum,

208 1777 252 1809 Et
275 1778 321 1809 sic
346 1779 373 1809 oi
398 1785 431 1808 se
457 1776 618 1816 conjungit
883 1774 1015 1815 Semper
1038 1784 1152 1807 novum
1177 1780 1209 1807 et
1230 1776 1396 1818 sincerum,

255 1825 344 1857 Totis
371 1824 474 1856 cordis
499 1823 628 1854 intimis
929 1822 995 1861 Quo
1020 1826 1192 1863 pascuntur
1216 1824 1353 1858 aethere.

224 1900 308 1927 Brev.
328 1908 381 1926 ms.
402 1898 431 1926 S.
452 1897 596 1925 Johannis
617 1896 652 1923 de
670 1896 754 1924 Pinis
774 1904 848 1924 sace.
869 1893 914 1924 13.
935 1896 1173 1925 Ood.Seoria1en.
1192 1897 1215 1923 1>
1233 1897 1280 1925 ΠΙ
1301 1896 1344 1925 14.
1358 1899 1392 1926 Α.
1408 1914 1440 1917 -

146 1938 265 1973 Antiph.
285 1946 337 1965 ms.
358 1937 484 1964 Oscense
504 1944 578 1963 saec.
601 1931 644 1961 13.
665 1934 734 1962 Cod.
757 1934 850 1971 Capit.
871 1933 972 1962 Oscen.
993 1944 1015 1962 s.
1035 1943 1063 1961 n.
1083 1935 1116 1962 B.

563 2065 630 2097 383.
671 2065 713 2096 De
733 2073 756 2096 s.
776 2063 877 2096 Maria.
895 2064 1023 2096 Salome.

644 2143 679 2172 In
701 2142 789 2180 Vesp.
811 2144 841 2172 et
858 2142 951 2172 Laud.

419 2225 448 2257 1.
476 2224 598 2256 Psallat
620 2223 652 2254 in
679 2222 773 2254 coelis
799 2221 911 2253 chorus
936 2224 1125 2262 angolorum,

475 2272 580 2304 Ceteri
605 2271 689 2303 cives
714 2271 863 2302 resonent
886 2270 1038 2309 polorum,

474 2319 633 2360 organum
656 2318 787 2358 pulsans
811 2316 977 2348 modulans
1001 2320 1146 2349 tonorum

521 2367 621 2399 Terra
646 2366 787 2397 resultet.
