1651 2518
774 113 1031 148 —138—

683 223 748 255 224.
787 223 830 255 De
849 224 953 255 saneto
975 222 1125 255 Gabriele.

744 290 779 320 In
797 291 885 328 Vesp.
907 293 937 319 et
954 290 1047 319 Laud.

486 361 517 392 1.
544 358 682 402 Gabriel,
709 358 847 399 fulgidus
871 360 955 390 inter
980 359 1150 397 consocios,

543 407 722 446 Potensque
744 406 869 438 validus
894 405 935 438 acl
958 408 1046 437 actus
1070 405 1186 444 varios,

592 452 755 485 Laudetur
777 453 881 485 hodie.

487 531 517 562 2.
543 528 638 561 Hunc
663 529 741 561 coeli
765 529 907 560 nuntium
931 527 1007 560 Jesu
1030 528 1182 567 mysterii,

542 577 711 608 Famosum
734 576 864 607 nimium
890 575 1007 608 Christi
1031 575 1154 614 collegii

593 623 715 655 Reddit
739 623 926 655 credentiae.

489 700 520 732 3.
546 699 584 730 In
609 700 656 729 tot
681 697 856 738 agminibus
883 697 960 729 coeli
984 697 1151 736 spirituum

547 746 613 778 Istc
637 754 715 784 prae
739 745 882 776 omnibus
907 744 948 775 ad
971 744 1064 776 nimis
1089 744 1222 776 arduum

591 792 676 831 Opus
702 792 836 831 eligitur.

488 869 520 900 4.
548 867 637 906 Quod
665 867 870 899 excellentiae
893 867 993 906 majiis
1016 866 1178 904 indicium,

551 914 647 953 Quam
673 914 754 955 quod
782 914 965 945 clementiae
985 916 1093 946 tantae
1116 912 1299 953 mysterium

595 961 654 993 Isti
680 960 907 993 committitur?

492 1038 522 1068 5.
549 1034 652 1074 HuJ'us
676 1036 790 1076 legatio
816 1045 885 1067 cum
909 1036 959 1079 sit,
986 1044 1063 1075 prae
1087 1035 1158 1066 aliis

549 1082 670 1121 Dignus
693 1084 861 1122 praeconio
887 1085 935 1115 est
957 1086 989 1114 ct.
1012 1082 1154 1114 amabilis

597 1129 674 1161 Cum
698 1131 883 1163 reverentia.

494 1204 524 1237 6.
550 1203 670 1242 servet,
696 1203 847 1244 stabiliat,
873 1204 911 1236 ab
938 1204 1028 1235 hoste
1051 1203 1175 1243 liberet,

553 1249 618 1282 Nos
643 1251 742 1282 laetos
768 1249 865 1282 faciat
887 1250 1016 1290 Deoque
1040 1249 1182 1282 foederet

600 1296 730 1329 Gabriel
754 1296 901 1337 fulgidus

347 1364 429 1390 Brev.
450 1370 502 1388 ms.
524 1361 787 1396 Compostellanum
806 1369 880 1389 saec.
904 1359 945 1388 15.
967 1361 1036 1390 Cod.
1058 1360 1150 1396 Capit.
1173 1361 1356 1395 Gompcsten.
1378 1371 1400 1389 s.
1420 1370 1448 1388 n.
1468 1362 1502 1389 A.
1522 1376 1559 1380 —

272 1401 355 1427 Brev.
383 1407 432 1426 ms.
461 1406 534 1425 saec.
563 1396 606 1425 14.
635 1398 703 1426 Cod.
733 1398 826 1427 Palae.
847 1400 993 1426 Matriten.
1021 1396 1077 1426 214
1100 1396 1158 1432 (2ss
1168 1397 1202 1432 2).
1224 1399 1256 1426 B.
1277 1413 1314 1417 —
1333 1399 1417 1427 Brev.
1440 1398 1559 1435 Compo-

274 1438 427 1465 stessanum
461 1437 529 1471 imp.
554 1435 727 1470 Ulisiponae
758 1435 838 1463 1497.
867 1436 895 1463 C.
925 1452 962 1456 —
990 1437 1075 1463 Brev.
1096 1437 1236 1464 Auriense
1269 1437 1338 1471 imp.
1366 1436 1560 1464 Salmanticae

275 1473 355 1502 1501.
376 1475 411 1502 D.
431 1489 470 1493 -
488 1474 571 1501 Brev.
586 1473 851 1509 compostellanum
869 1476 937 1509 imp.
952 1474 1147 1501 Salmantieae
1172 1471 1252 1501 1569.
1266 1474 1301 1501 Ε.
1328 1489 1361 1492 -
1383 1473 1408 1509 1,
1429 1472 1447 1500 2
1460 1474 1562 1502 Posse-

276 1521 331 1549 que
351 1513 388 1540 D.
409 1526 444 1531 -—
466 1509 490 1544 6,
514 1510 528 1538 1
549 1510 669 1538 stabilia
688 1512 713 1538 A

693 1620 758 1651 225.
797 1620 840 1650 De
860 1620 965 1651 sancto
988 1618 1137 1651 Gabriele.

789 1687 837 1716 Ad
855 1687 1043 1717 Nocturnum.

501 1759 531 1790 1.
557 1757 671 1797 Vitam,
699 1766 790 1797 quam
812 1756 940 1788 Lucifer
964 1766 1022 1796 per
1044 1758 1147 1789 Evam
1171 1757 1310 1797 abstulit,

561 1803 690 1837 Gabriel
717 1803 850 1836 dulcifer
874 1813 931 1844 per
954 1805 1080 1843 plenam
1104 1805 1209 1836 attulit

606 1851 728 1883 Mariae
751 1851 893 1891 gratiam.

504 1929 534 1960 2.
557 1926 663 1959 Fortis
686 1926 847 1965 vocabulo,
872 1928 988 1959 virtute
1011 1927 1133 1969 fortior,

561 1974 693 2006 Devicto
718 1973 831 2006 zabulo
854 1974 1060 2015 victoriosior,

609 2020 729 2052 Corona
752 2019 894 2053 floridus,

506 2098 536 2129 3.
563 2096 675 2128 Servet,
696 2095 847 2135 stabiliat,
873 2096 912 2127 ab
937 2095 1027 2127 hoste
1050 2095 1174 2136 liberet,

562 2142 628 2175 Nos
652 2143 750 2175 laetos
776 2141 873 2176 faciat
896 2141 1025 2182 Deoquc
1050 2141 1194 2175 foederet

612 2189 742 2221 Gabriel
765 2189 914 2230 fulgidus.

358 2257 443 2283 Brev.
462 2264 514 2282 ms.
536 2255 801 2290 compostellanum
820 2263 894 2282 saec.
917 2251 959 2280 15.
981 2253 1048 2281 Cocl.
1072 2252 1163 2289 Capit.
1185 2254 1370 2290 Compostell.
1392 2264 1414 2283 s.
1435 2265 1463 2283 n.
1484 2258 1518 2284 A.
1539 2271 1576 2276 ——

282 2293 366 2320 Brev.
381 2302 432 2320 ms.
447 2301 521 2320 saec.
538 2292 580 2320 14.
599 2293 668 2320 cod.
684 2293 776 2320 Palat.
790 2293 935 2319 Matriten.
950 2289 1007 2318 214
1018 2290 1046 2325 (2
1056 2290 1119 2325 Β2).
1130 2292 1159 2318 Β.
1174 2293 1301 2320 -Brev.
1311 2292 1576 2330 Compostellanum

282 2331 351 2366 imp.
381 2331 552 2365 Ulisiponae
580 2328 660 2358 1497.
682 2330 711 2358 C.
738 2344 775 2350 υ-
794 2330 878 2357 BreV.
897 2330 1039 2358 Auriense
1063 2332 1131 2365 imp.
1154 2329 1348 2358 Salmantieae
1376 2330 1457 2360 1501.
1478 2333 1513 2360 D.
1541 2347 1577 2353 -

282 2368 366 2394 Brev.
385 2368 651 2402 Compostellanum
668 2370 737 2404 imp.
758 2367 955 2395 Salmanfficae
976 2366 1057 2396 1569.
1080 2367 1116 2395 E.
