1651 2518
743 101 998 135 —242—

594 195 624 226 6.
650 193 708 224 Vir
731 200 820 224 sacer
844 194 1006 233 equuleum
1028 204 1178 234 superans

653 238 767 270 Cetera
794 238 863 270 dira
885 239 1009 280 subegit
1030 250 1135 279 ovans,

653 284 773 316 Ultimo
798 286 896 316 sectio
921 295 1012 326 quem
1036 287 1146 326 capitis

651 330 800 370 Martyrii
827 331 954 363 decorat
977 333 1087 366 titulis,

602 397 633 427 7.
660 395 736 434 Nos,
762 397 854 435 pater
878 395 968 435 alme,
994 396 1046 436 pio
1069 397 1190 428 medico

657 441 760 481 Junge
783 443 856 472 tuae
879 443 983 481 precis
1008 442 1158 481 antidoto,

657 488 793 519 Pectora
816 488 923 519 saucia
946 497 1006 527 quo
1031 488 1115 520 vitiis

659 533 832 565 Purificans
857 534 956 566 socies
981 535 1113 573 superis.

601 601 633 633 8.
659 599 778 641 (floria,
803 600 873 631 laus
898 602 929 630 et
951 600 1052 631 honor
1074 600 1177 639 genito

663 645 739 677 Cum
763 649 854 686 patre
877 646 1062 685 spirituique
1086 654 1185 686 sacro,

661 694 726 731 Quo
753 720 759 726 .
789 717 795 726 ,
826 720 832 726 .
862 720 868 726 .
891 693 953 724 iter
979 694 1098 733 doceat,

660 740 752 772 Mens
775 740 858 779 quod
883 740 923 772 ad
948 744 1034 772 astra
1057 741 1165 772 volans
1189 743 1303 772 teneat.

315 803 399 831 Brov.
419 812 472 831 ms.
492 804 667 832 Pinnatens-
691 813 766 833 saec.
789 802 831 831 14.
851 807 891 832 in.
907 804 974 832 Cod.
989 805 1146 833 Scorialen.
1166 813 1186 840 g
1204 805 1247 832 IV
1265 802 1309 832 29.
1331 820 1362 824 —
1387 803 1411 838 1,
1431 803 1448 833 3
1470 806 1526 832 huc

237 844 330 877 canit3
355 842 426 870 lies:
448 843 591 870 eximius?
621 856 655 861 -
678 841 704 876 1,
725 841 744 870 4
761 843 828 870 lies:
857 844 972 870 socius?
997 856 1034 861 -—
1053 840 1079 876 3,
1100 840 1118 870 3
1135 843 1205 870 lies:
1225 842 1378 870 Perderet‘.)
1403 856 1440 861 —
1460 842 1486 876 4,
1506 841 1525 869 2

237 888 279 915 sq.
310 879 410 907 lauten
440 881 471 906 in
506 881 556 907 der
583 881 651 908 Hs.:
681 881 769 908 vehat
796 880 831 907 ad
858 889 976 915 superos
1000 881 1049 907 hic
1072 881 1203 908 dominus
1229 880 1312 907 docet
1336 881 1450 915 imperii
1475 888 1526 916 per

236 918 394 945 lavacrum.
414 932 451 936 —-
470 917 496 952 5,
517 917 537 946 4
554 918 714 954 Disperire.
734 932 771 937 —-·
795 917 820 951 7,
842 916 859 945 2
878 919 959 946 Tuae
973 919 1071 954 junge.
1091 934 1129 938 -—
1148 917 1173 951 7,
1193 916 1213 945 4
1231 919 1333 945 socios.

658 1038 725 1068 422.
763 1037 807 1069 De
827 1038 935 1069 sancta
954 1037 1099 1069 Praxede.

778 1104 826 1133 Ad
845 1104 998 1141 Vesperas.

239 1172 270 1205 1.
297 1171 322 1203 Ο
346 1172 448 1211 beata,
475 1181 554 1212 quae
577 1172 679 1204 beasti
915 1175 945 1205 4.
972 1174 1018 1205 Te
1042 1174 1173 1213 rogante
1197 1172 1279 1205 desit
1299 1172 1397 1204 omnis

344 1219 455 1260 Regna
478 1219 561 1260 regis
587 1219 731 1260 duplicis,
1017 1220 1114 1259 pestis
1136 1219 1175 1251 ab
1199 1220 1247 1251 his
1271 1218 1394 1259 finibuS,

297 1265 461 1308 Franciae,
485 1266 719 1309 Majoricazum,
971 1267 1066 1299 Adsit
1087 1266 1188 1298 imber
1209 1269 1410 1305 temperamus

343 1314 415 1345 luce
438 1314 522 1345 sacri
546 1314 697 1353 corporis,
1017 1315 1105 1344 terra
1128 1321 1252 1354 germen
1276 1312 1410 1352 adferat,

296 1359 385 1398 Quod
410 1360 442 1392 in
465 1360 544 1392 urbe
568 1369 624 1392 rex
648 1361 765 1392 locavit
973 1360 1015 1392 Ut
1039 1360 1129 1391 bonis
1153 1362 1257 1391 terrae
1278 1360 1394 1398 juvatis

346 1408 447 1439 victor
469 1408 531 1439 ista
554 1408 701 1440 JacobuS.
1018 1407 1083 1438 alta
1108 1407 1221 1438 dentur
1241 1415 1380 1439 munera.

246 1467 275 1497 2.
303 1463 422 1496 Cuncta
446 1463 536 1496 nobis
561 1463 643 1496 bona
666 1472 770 1504 posce,
915 1465 944 1497 5.
973 1464 1037 1495 Nos
1062 1463 1101 1494 ab
1127 1463 1208 1495 omni
1232 1463 1436 1494 barbarorum

348 1513 379 1542 te
402 1519 570 1551 precamur
595 1511 769 1554 Praxeden,
1019 1510 1118 1542 redde
1142 1512 1225 1541 tutos
1249 1510 1379 1549 impetu,

297 1558 343 1592 Et
366 1558 405 1590 ab
429 1557 522 1598 hujus
546 1557 636 1589 aufer
657 1558 747 1589 urbis
973 1558 1058 1591 Crux
1080 1556 1185 1589 fidelis
1204 1559 1238 1588 te
1259 1557 1388 1595 juvante

347 1609 440 1646 gente
465 1605 569 1637 cordis
595 1606 711 1645 odium,
1022 1604 1128 1635 vincat
1152 1612 1258 1635 omnes
1283 1603 1444 1644 barbaros,

299 1653 345 1684 Te
369 1656 520 1695 precante
543 1653 626 1692 regis
651 1652 707 1684 alti
977 1652 1020 1684 Et
1043 1660 1138 1691 super
1163 1654 1290 1682 cunctos
1315 1652 1445 1683 vocetur

349 1700 485 1739 gaudeat
510 1700 675 1733 consortio.
1024 1697 1166 1730 Christus
1191 1707 1247 1729 rex
1267 1698 1447 1729 altissimus.

242 1758 272 1789 3.
300 1756 454 1795 Optimus
481 1765 622 1795 precare,
649 1764 758 1788 sensus
918 1756 948 1788 6.
975 1754 1070 1787 Istius
1095 1758 1127 1785 et
1149 1757 1222 1793 post
1244 1762 1404 1785 recursum

345 1803 467 1835 insulae
491 1804 533 1835 sit
554 1803 706 1844 praesidi,
1023 1800 1173 1841 temporis
1196 1801 1374 1833 brevissimi

301 1848 420 1881 Ceteris
444 1850 540 1882 dones
566 1858 713 1889 amorem,
972 1850 1079 1881 Matre
1102 1851 1266 1888 tecumque
1289 1850 1440 1887 precante

347 1897 445 1936 virgo,
472 1897 518 1928 rei
542 1897 699 1938 publicae,
1020 1896 1103 1935 regis
1128 1895 1200 1927 almi
1229 1895 1348 1935 virgine

303 1943 444 1982 Optimas
472 1944 547 1975 dent
570 1944 707 1975 rationes
974 1945 1060 1975 Arce
1084 1951 1204 1974 summa
1227 1941 1429 1982 perfruamur

346 1989 481 2021 omnium
505 1991 689 2022 rectoribus,
1020 1990 1200 2029 angelorum
1224 1989 1348 2029 gaudio.

625 2048 656 2079 7.
681 2045 765 2077 Laus
790 2046 874 2084 patri
895 2044 987 2076 simul
1012 2047 1044 2076 et
1066 2044 1158 2084 proli,

730 2094 838 2123 nostra
862 2100 992 2131 quorum
1016 2099 1144 2122 munere

680 2138 788 2170 Insula
811 2137 964 2169 Praxedis
988 2138 1089 2168 almae

728 2187 841 2215 vernat
864 2185 928 2215 alto
952 2183 1084 2220 nomine,

682 2230 852 2262 Fortitudo
876 2238 999 2268 semper
1021 2228 1097 2260 insit

728 2279 760 2307 et
782 2284 928 2315 supremo
948 2274 1076 2306 flamini.

314 2341 398 2368 Brev.
417 2340 610 2375 Majoricense
628 2342 695 2375 imp.
715 2341 846 2367 Venetus
868 2336 948 2366 1506.
