<?xml version="1.0" encoding="UTF-8"?>
<!DOCTYPE html PUBLIC "-//W3C//DTD XHTML 1.0 Transitional//EN"
    "http://www.w3.org/TR/xhtml1/DTD/xhtml1-transitional.dtd">
<html xmlns="http://www.w3.org/1999/xhtml" xml:lang="en" lang="en">
 <head>
  <title>
</title>
<meta http-equiv="Content-Type" content="text/html;charset=utf-8" />
  <meta name='ocr-system' content='tesseract 3.04.00' />
  <meta name='ocr-capabilities' content='ocr_page ocr_carea ocr_par ocr_line ocrx_word'/>
</head>
<body>
  <div class='ocr_page' id='page_1' title='image "./analectahymnica16drevuoft_00167.png"; bbox 0 0 1651 2518; ppageno 0'>
   <div class='ocr_carea' id='block_1_1' title="bbox 764 126 1016 160">
    <p class='ocr_par' dir='ltr' id='par_1_1' title="bbox 764 126 1016 160">
     <span class='ocr_line' id='line_1_1' title="bbox 764 126 1016 160; baseline 0.008 -1"><span class='ocrx_word' id='word_1_1' title='bbox 764 126 1016 160; x_wconf 74' lang='lat'>—164—</span> 
     </span>
    </p>
   </div>
   <div class='ocr_carea' id='block_1_2' title="bbox 684 213 1096 247">
    <p class='ocr_par' dir='ltr' id='par_1_2' title="bbox 684 213 1096 247">
     <span class='ocr_line' id='line_1_2' title="bbox 684 213 1096 247; baseline 0.005 -2"><span class='ocrx_word' id='word_1_2' title='bbox 684 214 747 245; x_wconf 82' lang='grc'><strong>279.</strong></span> <span class='ocrx_word' id='word_1_3' title='bbox 787 213 830 244; x_wconf 85' lang='lat' dir='ltr'>De</span> <span class='ocrx_word' id='word_1_4' title='bbox 850 216 956 247; x_wconf 80' lang='lat' dir='ltr'>sancto</span> <span class='ocrx_word' id='word_1_5' title='bbox 977 215 1096 247; x_wconf 77' lang='lat' dir='ltr'>Jacobo.</span> 
     </span>
    </p>
   </div>
   <div class='ocr_carea' id='block_1_3' title="bbox 245 280 1485 721">
    <p class='ocr_par' dir='ltr' id='par_1_3' title="bbox 796 280 989 311">
     <span class='ocr_line' id='line_1_3' title="bbox 796 280 989 311; baseline 0.016 -3"><span class='ocrx_word' id='word_1_6' title='bbox 796 280 844 308; x_wconf 82' lang='lat' dir='ltr'>Ad</span> <span class='ocrx_word' id='word_1_7' title='bbox 862 280 989 311; x_wconf 81' lang='lat' dir='ltr'>Laudes.</span> 
     </span>
    </p>

    <p class='ocr_par' dir='ltr' id='par_1_4' title="bbox 246 344 1428 528">
     <span class='ocr_line' id='line_1_4' title="bbox 246 344 1352 390; baseline 0.005 -15"><span class='ocrx_word' id='word_1_8' title='bbox 246 344 277 377; x_wconf 89' lang='lat'>1.</span> <span class='ocrx_word' id='word_1_9' title='bbox 303 345 365 376; x_wconf 88' lang='lat' dir='ltr'>Hic</span> <span class='ocrx_word' id='word_1_10' title='bbox 386 346 568 385; x_wconf 67' lang='lat' dir='ltr'>,iudicandis</span> <span class='ocrx_word' id='word_1_11' title='bbox 592 347 703 378; x_wconf 89' lang='lat' dir='ltr'>ovibus</span> <span class='ocrx_word' id='word_1_12' title='bbox 925 350 955 382; x_wconf 84' lang='lat'>3.</span> <span class='ocrx_word' id='word_1_13' title='bbox 980 348 1127 387; x_wconf 84' lang='lat' dir='ltr'>Apostoli</span> <span class='ocrx_word' id='word_1_14' title='bbox 1151 351 1203 390; x_wconf 87' lang='lat' dir='ltr'>qui</span> <span class='ocrx_word' id='word_1_15' title='bbox 1227 350 1352 382; x_wconf 88' lang='lat' dir='ltr'>nomine</span> 
     </span>
     <span class='ocr_line' id='line_1_5' title="bbox 303 391 1428 432; baseline 0.003 -10"><span class='ocrx_word' id='word_1_16' title='bbox 303 391 358 432; x_wconf 87' lang='lat' dir='ltr'>Te,</span> <span class='ocrx_word' id='word_1_17' title='bbox 382 393 491 432; x_wconf 75' lang='lat' dir='ltr'>Judex,</span> <span class='ocrx_word' id='word_1_18' title='bbox 518 394 768 432; x_wconf 84' lang='lat' dir='ltr'>agnoscentibus,</span> <span class='ocrx_word' id='word_1_19' title='bbox 981 394 1070 427; x_wconf 85' lang='lat' dir='ltr'>Haec</span> <span class='ocrx_word' id='word_1_20' title='bbox 1093 395 1174 428; x_wconf 87' lang='lat' dir='ltr'>festa</span> <span class='ocrx_word' id='word_1_21' title='bbox 1199 398 1306 428; x_wconf 86' lang='lat' dir='ltr'>colunt</span> <span class='ocrx_word' id='word_1_22' title='bbox 1329 394 1428 426; x_wconf 88' lang='lat' dir='ltr'>hodie</span> 
     </span>
     <span class='ocr_line' id='line_1_6' title="bbox 304 437 1361 480; baseline 0.004 -12"><span class='ocrx_word' id='word_1_23' title='bbox 304 437 429 470; x_wconf 82' lang='lat' dir='ltr'>Summo</span> <span class='ocrx_word' id='word_1_24' title='bbox 455 440 507 477; x_wconf 88' lang='lat' dir='ltr'>qui</span> <span class='ocrx_word' id='word_1_25' title='bbox 531 438 621 470; x_wconf 89' lang='lat' dir='ltr'>fulsit</span> <span class='ocrx_word' id='word_1_26' title='bbox 645 439 769 480; x_wconf 90' lang='lat' dir='ltr'>merito,</span> <span class='ocrx_word' id='word_1_27' title='bbox 982 440 1185 473; x_wconf 82' lang='lat' dir='ltr'>Solemnitate</span> <span class='ocrx_word' id='word_1_28' title='bbox 1210 442 1361 474; x_wconf 85' lang='lat' dir='ltr'>coelibum</span> 
     </span>
     <span class='ocr_line' id='line_1_7' title="bbox 303 484 1409 528; baseline 0.004 -13"><span class='ocrx_word' id='word_1_29' title='bbox 303 484 352 515; x_wconf 88' lang='lat' dir='ltr'>Sit</span> <span class='ocrx_word' id='word_1_30' title='bbox 375 485 446 523; x_wconf 88' lang='lat' dir='ltr'>pius</span> <span class='ocrx_word' id='word_1_31' title='bbox 470 485 503 515; x_wconf 92' lang='lat' dir='ltr'>in</span> <span class='ocrx_word' id='word_1_32' title='bbox 526 486 656 524; x_wconf 71' lang='lat' dir='ltr'>Judicio.</span> <span class='ocrx_word' id='word_1_33' title='bbox 983 486 1134 519; x_wconf 85' lang='lat' dir='ltr'>Intersint</span> <span class='ocrx_word' id='word_1_34' title='bbox 1156 489 1190 519; x_wconf 89' lang='lat' dir='ltr'>in</span> <span class='ocrx_word' id='word_1_35' title='bbox 1213 491 1409 528; x_wconf 87' lang='lat' dir='ltr'>perpetuum.</span> 
     </span>
    </p>

    <p class='ocr_par' dir='ltr' id='par_1_5' title="bbox 245 539 1485 721">
     <span class='ocr_line' id='line_1_8' title="bbox 245 539 1385 582; baseline 0.004 -12"><span class='ocrx_word' id='word_1_36' title='bbox 245 540 277 571; x_wconf 84' lang='lat'>2.</span> <span class='ocrx_word' id='word_1_37' title='bbox 302 539 395 571; x_wconf 82' lang='lat' dir='ltr'>Illius</span> <span class='ocrx_word' id='word_1_38' title='bbox 419 540 518 571; x_wconf 76' lang='lat' dir='ltr'>saeris</span> <span class='ocrx_word' id='word_1_39' title='bbox 542 541 690 579; x_wconf 83' lang='lat' dir='ltr'>precibus</span> <span class='ocrx_word' id='word_1_40' title='bbox 924 544 957 574; x_wconf 87' lang='lat'>4.</span> <span class='ocrx_word' id='word_1_41' title='bbox 982 541 1027 573; x_wconf 84' lang='lat' dir='ltr'>Ut</span> <span class='ocrx_word' id='word_1_42' title='bbox 1051 543 1210 582; x_wconf 76' lang='lat' dir='ltr'>supplices</span> <span class='ocrx_word' id='word_1_43' title='bbox 1234 543 1385 575; x_wconf 73' lang='lat' dir='ltr'>exaudias</span> 
     </span>
     <span class='ocr_line' id='line_1_9' title="bbox 303 586 1485 629; baseline 0.003 -12"><span class='ocrx_word' id='word_1_44' title='bbox 303 586 444 619; x_wconf 84' lang='lat' dir='ltr'>Absolve</span> <span class='ocrx_word' id='word_1_45' title='bbox 467 595 524 618; x_wconf 88' lang='lat' dir='ltr'>nos</span> <span class='ocrx_word' id='word_1_46' title='bbox 552 587 722 627; x_wconf 81' lang='lat' dir='ltr'>erroribus,</span> <span class='ocrx_word' id='word_1_47' title='bbox 983 589 1160 628; x_wconf 85' lang='lat' dir='ltr'>Pacemque</span> <span class='ocrx_word' id='word_1_48' title='bbox 1185 597 1307 621; x_wconf 88' lang='lat' dir='ltr'>omnem</span> <span class='ocrx_word' id='word_1_49' title='bbox 1333 587 1485 629; x_wconf 84' lang='lat' dir='ltr'>conferas,</span> 
     </span>
     <span class='ocr_line' id='line_1_10' title="bbox 305 632 1442 678; baseline 0.003 -14"><span class='ocrx_word' id='word_1_50' title='bbox 305 632 442 673; x_wconf 70' lang='lat' dir='ltr'>Stantes,</span> <span class='ocrx_word' id='word_1_51' title='bbox 468 641 508 664; x_wconf 91' lang='lat' dir='ltr'>ne</span> <span class='ocrx_word' id='word_1_52' title='bbox 536 634 661 676; x_wconf 85' lang='lat' dir='ltr'>cadant,</span> <span class='ocrx_word' id='word_1_53' title='bbox 687 633 810 676; x_wconf 83' lang='lat' dir='ltr'>robora,</span> <span class='ocrx_word' id='word_1_54' title='bbox 983 634 1111 667; x_wconf 77' lang='lat' dir='ltr'>Fideles</span> <span class='ocrx_word' id='word_1_55' title='bbox 1138 644 1262 675; x_wconf 82' lang='lat' dir='ltr'>semper</span> <span class='ocrx_word' id='word_1_56' title='bbox 1285 638 1442 678; x_wconf 83' lang='lat' dir='ltr'>protegas,</span> 
     </span>
     <span class='ocr_line' id='line_1_11' title="bbox 302 679 1407 721; baseline 0.005 -10"><span class='ocrx_word' id='word_1_57' title='bbox 302 679 435 720; x_wconf 87' lang='lat' dir='ltr'>Lapsos‚</span> <span class='ocrx_word' id='word_1_58' title='bbox 462 683 497 711; x_wconf 83' lang='lat' dir='ltr'>ut</span> <span class='ocrx_word' id='word_1_59' title='bbox 521 683 661 721; x_wconf 78' lang='lat' dir='ltr'><strong>surgant,</strong></span> <span class='ocrx_word' id='word_1_60' title='bbox 684 681 809 720; x_wconf 75' lang='lat' dir='ltr'>adJuva.</span> <span class='ocrx_word' id='word_1_61' title='bbox 985 681 1033 712; x_wconf 88' lang='lat' dir='ltr'>Tu</span> <span class='ocrx_word' id='word_1_62' title='bbox 1058 682 1109 721; x_wconf 90' lang='lat' dir='ltr'>qui</span> <span class='ocrx_word' id='word_1_63' title='bbox 1137 691 1170 713; x_wconf 86' lang='lat' dir='ltr'>es</span> <span class='ocrx_word' id='word_1_64' title='bbox 1194 691 1270 715; x_wconf 83' lang='lat' dir='ltr'>vera</span> <span class='ocrx_word' id='word_1_65' title='bbox 1296 683 1407 716; x_wconf 89' lang='lat' dir='ltr'>unitas.</span> 
     </span>
    </p>
   </div>
   <div class='ocr_carea' id='block_1_4' title="bbox 239 743 1541 1601">
    <p class='ocr_par' dir='ltr' id='par_1_6' title="bbox 239 743 1541 1341">
     <span class='ocr_line' id='line_1_12' title="bbox 319 743 1541 775; baseline 0.002 -4"><span class='ocrx_word' id='word_1_66' title='bbox 319 744 410 772; x_wconf 83' lang='lat' dir='ltr'>Psalt.</span> <span class='ocrx_word' id='word_1_67' title='bbox 438 753 490 773; x_wconf 90' lang='lat' dir='ltr'>ms.</span> <span class='ocrx_word' id='word_1_68' title='bbox 511 744 654 773; x_wconf 85' lang='lat' dir='ltr'>Oculense</span> <span class='ocrx_word' id='word_1_69' title='bbox 679 753 754 773; x_wconf 84' lang='lat' dir='ltr'>saec.</span> <span class='ocrx_word' id='word_1_70' title='bbox 783 743 826 773; x_wconf 88' lang='lat'>14.</span> <span class='ocrx_word' id='word_1_71' title='bbox 861 745 928 773; x_wconf 86' lang='lat' dir='ltr'>Cod.</span> <span class='ocrx_word' id='word_1_72' title='bbox 948 746 1033 774; x_wconf 89' lang='lat' dir='ltr'>Arch.</span> <span class='ocrx_word' id='word_1_73' title='bbox 1054 747 1120 774; x_wconf 87' lang='lat' dir='ltr'>Nat.</span> <span class='ocrx_word' id='word_1_74' title='bbox 1140 747 1286 775; x_wconf 86' lang='lat' dir='ltr'>Matriten.</span> <span class='ocrx_word' id='word_1_75' title='bbox 1306 747 1330 774; x_wconf 93' lang='lat' dir='ltr'>B</span> <span class='ocrx_word' id='word_1_76' title='bbox 1350 745 1432 775; x_wconf 85' lang='lat'>3—4.</span> <span class='ocrx_word' id='word_1_77' title='bbox 1452 748 1485 775; x_wconf 90' lang='lat' dir='ltr'>A.</span> <span class='ocrx_word' id='word_1_78' title='bbox 1505 761 1541 767; x_wconf 77' lang='lat'>——</span> 
     </span>
     <span class='ocr_line' id='line_1_13' title="bbox 243 781 1540 812; baseline 0.002 -3"><span class='ocrx_word' id='word_1_79' title='bbox 243 782 328 809; x_wconf 87' lang='lat' dir='ltr'>Brev.</span> <span class='ocrx_word' id='word_1_80' title='bbox 359 791 411 810; x_wconf 91' lang='lat' dir='ltr'>ms.</span> <span class='ocrx_word' id='word_1_81' title='bbox 436 782 610 810; x_wconf 86' lang='lat' dir='ltr'>Toletanum</span> <span class='ocrx_word' id='word_1_82' title='bbox 640 791 715 811; x_wconf 83' lang='lat' dir='ltr'>saec.</span> <span class='ocrx_word' id='word_1_83' title='bbox 748 781 790 810; x_wconf 86' lang='lat'>14.</span> <span class='ocrx_word' id='word_1_84' title='bbox 821 784 890 811; x_wconf 82' lang='lat' dir='ltr'>Cod.</span> <span class='ocrx_word' id='word_1_85' title='bbox 916 785 1062 812; x_wconf 84' lang='lat' dir='ltr'>Matriten.</span> <span class='ocrx_word' id='word_1_86' title='bbox 1088 785 1130 812; x_wconf 82' lang='lat' dir='ltr'>Ff.</span> <span class='ocrx_word' id='word_1_87' title='bbox 1164 783 1225 812; x_wconf 84' lang='lat'>147.</span> <span class='ocrx_word' id='word_1_88' title='bbox 1250 784 1283 812; x_wconf 88' lang='grc' dir='ltr'>Β.</span> <span class='ocrx_word' id='word_1_89' title='bbox 1313 799 1349 803; x_wconf 92' lang='grc'><strong>-</strong></span> <span class='ocrx_word' id='word_1_90' title='bbox 1374 785 1458 812; x_wconf 83' lang='lat' dir='ltr'>Brev.</span> <span class='ocrx_word' id='word_1_91' title='bbox 1488 793 1540 812; x_wconf 86' lang='lat' dir='ltr'>ms.</span> 
     </span>
     <span class='ocr_line' id='line_1_14' title="bbox 244 818 1541 850; baseline 0.001 -3"><span class='ocrx_word' id='word_1_92' title='bbox 244 819 389 848; x_wconf 73' lang='lat' dir='ltr'>Oeulense</span> <span class='ocrx_word' id='word_1_93' title='bbox 410 828 485 848; x_wconf 83' lang='lat' dir='ltr'>saec.</span> <span class='ocrx_word' id='word_1_94' title='bbox 507 818 551 848; x_wconf 86' lang='lat'>14.</span> <span class='ocrx_word' id='word_1_95' title='bbox 572 820 641 848; x_wconf 85' lang='lat' dir='ltr'>Cod.</span> <span class='ocrx_word' id='word_1_96' title='bbox 654 821 802 848; x_wconf 83' lang='lat' dir='ltr'>Matriten.</span> <span class='ocrx_word' id='word_1_97' title='bbox 817 822 841 849; x_wconf 81' lang='lat' dir='ltr'>A</span> <span class='ocrx_word' id='word_1_98' title='bbox 864 820 926 849; x_wconf 77' lang='lat'>175.</span> <span class='ocrx_word' id='word_1_99' title='bbox 941 822 972 850; x_wconf 79' lang='lat' dir='ltr'>O.</span> <span class='ocrx_word' id='word_1_100' title='bbox 994 836 1031 840; x_wconf 97' lang='lat'><strong>—</strong></span> <span class='ocrx_word' id='word_1_101' title='bbox 1046 822 1128 849; x_wconf 82' lang='lat' dir='ltr'>Brev.</span> <span class='ocrx_word' id='word_1_102' title='bbox 1148 831 1201 849; x_wconf 90' lang='lat' dir='ltr'>ms.</span> <span class='ocrx_word' id='word_1_103' title='bbox 1215 821 1388 850; x_wconf 79' lang='lat' dir='ltr'>Toletanum</span> <span class='ocrx_word' id='word_1_104' title='bbox 1407 831 1482 850; x_wconf 81' lang='lat' dir='ltr'>saec.</span> <span class='ocrx_word' id='word_1_105' title='bbox 1497 820 1541 850; x_wconf 85' lang='lat'>14.</span> 
     </span>
     <span class='ocr_line' id='line_1_15' title="bbox 248 856 1540 896; baseline 0.002 -12"><span class='ocrx_word' id='word_1_106' title='bbox 248 857 316 885; x_wconf 86' lang='lat' dir='ltr'>Cod.</span> <span class='ocrx_word' id='word_1_107' title='bbox 338 858 432 894; x_wconf 84' lang='lat' dir='ltr'>Capit.</span> <span class='ocrx_word' id='word_1_108' title='bbox 451 858 587 885; x_wconf 84' lang='lat' dir='ltr'>Toletani</span> <span class='ocrx_word' id='word_1_109' title='bbox 607 856 709 886; x_wconf 84' lang='lat'>33—6.</span> <span class='ocrx_word' id='word_1_110' title='bbox 729 858 766 885; x_wconf 92' lang='lat' dir='ltr'>D.</span> <span class='ocrx_word' id='word_1_111' title='bbox 786 874 824 878; x_wconf 96' lang='lat'><strong>—</strong></span> <span class='ocrx_word' id='word_1_112' title='bbox 842 859 926 886; x_wconf 81' lang='lat' dir='ltr'>Brev.</span> <span class='ocrx_word' id='word_1_113' title='bbox 947 868 998 887; x_wconf 86' lang='lat' dir='ltr'>ms.</span> <span class='ocrx_word' id='word_1_114' title='bbox 1012 859 1182 886; x_wconf 84' lang='lat' dir='ltr'>Toletanum</span> <span class='ocrx_word' id='word_1_115' title='bbox 1204 867 1277 887; x_wconf 83' lang='lat' dir='ltr'>saec.</span> <span class='ocrx_word' id='word_1_116' title='bbox 1301 858 1344 886; x_wconf 85' lang='lat'>15.</span> <span class='ocrx_word' id='word_1_117' title='bbox 1360 860 1429 887; x_wconf 86' lang='lat' dir='ltr'>Cod.</span> <span class='ocrx_word' id='word_1_118' title='bbox 1448 860 1540 896; x_wconf 83' lang='lat' dir='ltr'>Capit.</span> 
     </span>
     <span class='ocr_line' id='line_1_16' title="bbox 245 893 1539 925; baseline 0 -2"><span class='ocrx_word' id='word_1_119' title='bbox 245 895 381 923; x_wconf 83' lang='lat' dir='ltr'>Toletani</span> <span class='ocrx_word' id='word_1_120' title='bbox 406 893 507 924; x_wconf 85' lang='lat'>33—9.</span> <span class='ocrx_word' id='word_1_121' title='bbox 527 896 563 924; x_wconf 86' lang='grc' dir='ltr'>Ε.</span> <span class='ocrx_word' id='word_1_122' title='bbox 588 911 626 915; x_wconf 92' lang='grc'><strong>-</strong></span> <span class='ocrx_word' id='word_1_123' title='bbox 645 897 728 923; x_wconf 83' lang='lat' dir='ltr'>Brev.</span> <span class='ocrx_word' id='word_1_124' title='bbox 754 905 806 923; x_wconf 86' lang='lat' dir='ltr'>ms.</span> <span class='ocrx_word' id='word_1_125' title='bbox 826 897 999 924; x_wconf 84' lang='lat' dir='ltr'>Toletanum</span> <span class='ocrx_word' id='word_1_126' title='bbox 1026 904 1099 923; x_wconf 85' lang='lat' dir='ltr'>saec.</span> <span class='ocrx_word' id='word_1_127' title='bbox 1123 895 1165 924; x_wconf 84' lang='lat'>14.</span> <span class='ocrx_word' id='word_1_128' title='bbox 1197 897 1264 925; x_wconf 86' lang='lat' dir='ltr'>Cod.</span> <span class='ocrx_word' id='word_1_129' title='bbox 1285 897 1371 925; x_wconf 76' lang='lat' dir='ltr'>Uni-v.</span> <span class='ocrx_word' id='word_1_130' title='bbox 1392 897 1539 925; x_wconf 82' lang='lat' dir='ltr'>Matriten.</span> 
     </span>
     <span class='ocr_line' id='line_1_17' title="bbox 243 930 1540 970; baseline 0.002 -10"><span class='ocrx_word' id='word_1_131' title='bbox 243 930 281 960; x_wconf 85' lang='lat'>48</span> <span class='ocrx_word' id='word_1_132' title='bbox 307 931 429 968; x_wconf 81' lang='lat'>(92—1).</span> <span class='ocrx_word' id='word_1_133' title='bbox 454 933 486 960; x_wconf 86' lang='lat' dir='ltr'>F.</span> <span class='ocrx_word' id='word_1_134' title='bbox 515 950 552 954; x_wconf 96' lang='lat'><strong>—</strong></span> <span class='ocrx_word' id='word_1_135' title='bbox 577 934 661 960; x_wconf 85' lang='lat' dir='ltr'>Brev.</span> <span class='ocrx_word' id='word_1_136' title='bbox 688 941 741 960; x_wconf 88' lang='lat' dir='ltr'>ms.</span> <span class='ocrx_word' id='word_1_137' title='bbox 768 934 956 961; x_wconf 77' lang='lat' dir='ltr'>Valentinum</span> <span class='ocrx_word' id='word_1_138' title='bbox 982 935 1051 962; x_wconf 85' lang='lat' dir='ltr'>anni</span> <span class='ocrx_word' id='word_1_139' title='bbox 1077 932 1158 961; x_wconf 82' lang='lat'>1420.</span> <span class='ocrx_word' id='word_1_140' title='bbox 1188 934 1256 962; x_wconf 87' lang='lat' dir='ltr'>Cod.</span> <span class='ocrx_word' id='word_1_141' title='bbox 1276 935 1398 962; x_wconf 84' lang='lat' dir='ltr'>Parisin.</span> <span class='ocrx_word' id='word_1_142' title='bbox 1418 933 1540 970; x_wconf 85' lang='lat' dir='ltr'>(Arsen.)</span> 
     </span>
     <span class='ocr_line' id='line_1_18' title="bbox 246 968 1539 1006; baseline 0.002 -9"><span class='ocrx_word' id='word_1_143' title='bbox 246 968 308 997; x_wconf 88' lang='lat'>105.</span> <span class='ocrx_word' id='word_1_144' title='bbox 334 971 366 999; x_wconf 88' lang='lat' dir='ltr'>G.</span> <span class='ocrx_word' id='word_1_145' title='bbox 397 985 433 990; x_wconf 90' lang='lat'>—</span> <span class='ocrx_word' id='word_1_146' title='bbox 459 971 543 998; x_wconf 83' lang='lat' dir='ltr'>Brev.</span> <span class='ocrx_word' id='word_1_147' title='bbox 568 971 740 998; x_wconf 81' lang='lat' dir='ltr'>Toletanum</span> <span class='ocrx_word' id='word_1_148' title='bbox 765 971 834 1006; x_wconf 87' lang='lat' dir='ltr'>imp.</span> <span class='ocrx_word' id='word_1_149' title='bbox 862 972 992 999; x_wconf 82' lang='lat' dir='ltr'>Venetiis</span> <span class='ocrx_word' id='word_1_150' title='bbox 1020 968 1099 998; x_wconf 88' lang='lat'>1483.</span> <span class='ocrx_word' id='word_1_151' title='bbox 1126 971 1163 997; x_wconf 87' lang='grc' dir='ltr'>Η.</span> <span class='ocrx_word' id='word_1_152' title='bbox 1190 986 1228 991; x_wconf 84' lang='lat'><strong>—</strong></span> <span class='ocrx_word' id='word_1_153' title='bbox 1249 972 1332 999; x_wconf 86' lang='lat' dir='ltr'>Brev.</span> <span class='ocrx_word' id='word_1_154' title='bbox 1352 972 1539 1000; x_wconf 79' lang='lat' dir='ltr'>Valentinum</span> 
     </span>
     <span class='ocr_line' id='line_1_19' title="bbox 242 1006 1537 1044; baseline 0.002 -10"><span class='ocrx_word' id='word_1_155' title='bbox 242 1008 311 1043; x_wconf 89' lang='lat' dir='ltr'>imp.</span> <span class='ocrx_word' id='word_1_156' title='bbox 332 1009 457 1044; x_wconf 70' lang='lat' dir='ltr'>Neapoli</span> <span class='ocrx_word' id='word_1_157' title='bbox 490 1006 570 1036; x_wconf 85' lang='lat'>1489.</span> <span class='ocrx_word' id='word_1_158' title='bbox 592 1009 614 1035; x_wconf 90' lang='grc' dir='ltr'>Ι.</span> <span class='ocrx_word' id='word_1_159' title='bbox 642 1023 679 1027; x_wconf 96' lang='grc'><strong>-</strong></span> <span class='ocrx_word' id='word_1_160' title='bbox 698 1009 781 1034; x_wconf 86' lang='lat' dir='ltr'>Brev.</span> <span class='ocrx_word' id='word_1_161' title='bbox 801 1009 972 1035; x_wconf 83' lang='lat' dir='ltr'>Toletanum</span> <span class='ocrx_word' id='word_1_162' title='bbox 1001 1009 1069 1043; x_wconf 89' lang='lat' dir='ltr'>imp.</span> <span class='ocrx_word' id='word_1_163' title='bbox 1088 1009 1219 1036; x_wconf 86' lang='lat' dir='ltr'>Venetiis</span> <span class='ocrx_word' id='word_1_164' title='bbox 1241 1007 1322 1036; x_wconf 81' lang='lat'>1492.</span> <span class='ocrx_word' id='word_1_165' title='bbox 1342 1010 1378 1036; x_wconf 87' lang='lat' dir='ltr'>K.</span> <span class='ocrx_word' id='word_1_166' title='bbox 1399 1026 1436 1030; x_wconf 90' lang='lat'>—</span> <span class='ocrx_word' id='word_1_167' title='bbox 1455 1011 1537 1038; x_wconf 87' lang='lat' dir='ltr'>Brev.</span> 
     </span>
     <span class='ocr_line' id='line_1_20' title="bbox 242 1043 1536 1082; baseline 0.004 -11"><span class='ocrx_word' id='word_1_168' title='bbox 242 1045 417 1072; x_wconf 81' lang='lat' dir='ltr'>Toletanum</span> <span class='ocrx_word' id='word_1_169' title='bbox 441 1048 509 1080; x_wconf 85' lang='lat' dir='ltr'>imp.</span> <span class='ocrx_word' id='word_1_170' title='bbox 538 1045 656 1080; x_wconf 80' lang='lat' dir='ltr'>Hispali</span> <span class='ocrx_word' id='word_1_171' title='bbox 683 1043 763 1073; x_wconf 82' lang='lat'>1492.</span> <span class='ocrx_word' id='word_1_172' title='bbox 789 1045 823 1072; x_wconf 89' lang='lat' dir='ltr'>L.</span> <span class='ocrx_word' id='word_1_173' title='bbox 850 1061 853 1064; x_wconf 92' lang='lat'>·</span> <span class='ocrx_word' id='word_1_174' title='bbox 907 1047 990 1073; x_wconf 84' lang='lat' dir='ltr'>Brev.</span> <span class='ocrx_word' id='word_1_175' title='bbox 1010 1046 1182 1073; x_wconf 82' lang='lat' dir='ltr'>Toletanum</span> <span class='ocrx_word' id='word_1_176' title='bbox 1206 1048 1274 1082; x_wconf 87' lang='lat' dir='ltr'>imp.</span> <span class='ocrx_word' id='word_1_177' title='bbox 1294 1047 1426 1075; x_wconf 79' lang='lat' dir='ltr'>Venetiis</span> <span class='ocrx_word' id='word_1_178' title='bbox 1457 1046 1536 1076; x_wconf 85' lang='grc'>1506-</span> 
     </span>
     <span class='ocr_line' id='line_1_21' title="bbox 241 1081 1539 1118; baseline 0.002 -9"><span class='ocrx_word' id='word_1_179' title='bbox 241 1083 282 1109; x_wconf 78' lang='lat' dir='ltr'>M.</span> <span class='ocrx_word' id='word_1_180' title='bbox 309 1097 343 1101; x_wconf 90' lang='lat'>—</span> <span class='ocrx_word' id='word_1_181' title='bbox 372 1084 457 1110; x_wconf 71' lang='lat' dir='ltr'>Brev.</span> <span class='ocrx_word' id='word_1_182' title='bbox 481 1082 626 1110; x_wconf 80' lang='lat' dir='ltr'>Gienense</span> <span class='ocrx_word' id='word_1_183' title='bbox 651 1083 719 1118; x_wconf 84' lang='lat' dir='ltr'>imp.</span> <span class='ocrx_word' id='word_1_184' title='bbox 746 1082 865 1117; x_wconf 82' lang='lat' dir='ltr'>Hispali</span> <span class='ocrx_word' id='word_1_185' title='bbox 891 1081 972 1110; x_wconf 78' lang='lat'>1528.</span> <span class='ocrx_word' id='word_1_186' title='bbox 999 1083 1036 1110; x_wconf 81' lang='lat' dir='ltr'>N.</span> <span class='ocrx_word' id='word_1_187' title='bbox 1061 1097 1096 1101; x_wconf 85' lang='lat'>—-</span> <span class='ocrx_word' id='word_1_188' title='bbox 1124 1084 1207 1111; x_wconf 80' lang='lat' dir='ltr'>Brev.</span> <span class='ocrx_word' id='word_1_189' title='bbox 1234 1084 1301 1112; x_wconf 86' lang='lat' dir='ltr'>Ord.</span> <span class='ocrx_word' id='word_1_190' title='bbox 1324 1084 1352 1111; x_wconf 86' lang='lat' dir='ltr'>S.</span> <span class='ocrx_word' id='word_1_191' title='bbox 1373 1084 1478 1112; x_wconf 80' lang='lat' dir='ltr'>Jaeobi</span> <span class='ocrx_word' id='word_1_192' title='bbox 1503 1086 1539 1112; x_wconf 85' lang='lat' dir='ltr'>de</span> 
     </span>
     <span class='ocr_line' id='line_1_22' title="bbox 245 1117 1535 1158; baseline 0.003 -12"><span class='ocrx_word' id='word_1_193' title='bbox 245 1119 336 1154; x_wconf 77' lang='lat' dir='ltr'>Spata</span> <span class='ocrx_word' id='word_1_194' title='bbox 360 1122 429 1156; x_wconf 88' lang='lat' dir='ltr'>imp.</span> <span class='ocrx_word' id='word_1_195' title='bbox 449 1120 579 1156; x_wconf 84' lang='lat' dir='ltr'>Legione</span> <span class='ocrx_word' id='word_1_196' title='bbox 600 1117 680 1146; x_wconf 81' lang='lat'>1532.</span> <span class='ocrx_word' id='word_1_197' title='bbox 701 1120 734 1147; x_wconf 89' lang='grc' dir='ltr'>Ο.</span> <span class='ocrx_word' id='word_1_198' title='bbox 754 1134 791 1138; x_wconf 85' lang='grc'><strong>-</strong></span> <span class='ocrx_word' id='word_1_199' title='bbox 813 1118 844 1152; x_wconf 92' lang='grc'>1,</span> <span class='ocrx_word' id='word_1_200' title='bbox 874 1119 888 1147; x_wconf 94' lang='grc'>1</span> <span class='ocrx_word' id='word_1_201' title='bbox 910 1120 958 1147; x_wconf 83' lang='lat' dir='ltr'>Sic</span> <span class='ocrx_word' id='word_1_202' title='bbox 973 1120 1138 1155; x_wconf 82' lang='lat' dir='ltr'>judicandis</span> <span class='ocrx_word' id='word_1_203' title='bbox 1159 1122 1196 1155; x_wconf 87' lang='lat' dir='ltr'>G;</span> <span class='ocrx_word' id='word_1_204' title='bbox 1223 1121 1270 1149; x_wconf 86' lang='lat' dir='ltr'>Sis</span> <span class='ocrx_word' id='word_1_205' title='bbox 1286 1121 1452 1155; x_wconf 86' lang='lat' dir='ltr'>judicandis</span> <span class='ocrx_word' id='word_1_206' title='bbox 1472 1124 1535 1158; x_wconf 82' lang='lat' dir='ltr'>AC3</span> 
     </span>
     <span class='ocr_line' id='line_1_23' title="bbox 247 1154 1536 1195; baseline 0.004 -12"><span class='ocrx_word' id='word_1_207' title='bbox 247 1158 301 1184; x_wconf 83' lang='lat' dir='ltr'>llic</span> <span class='ocrx_word' id='word_1_208' title='bbox 325 1157 514 1185; x_wconf 80' lang='lat' dir='ltr'>vendicandis</span> <span class='ocrx_word' id='word_1_209' title='bbox 541 1157 600 1185; x_wconf 88' lang='lat' dir='ltr'>GO.</span> <span class='ocrx_word' id='word_1_210' title='bbox 627 1171 663 1175; x_wconf 93' lang='lat'>—</span> <span class='ocrx_word' id='word_1_211' title='bbox 691 1156 717 1190; x_wconf 88' lang='lat'>1,</span> <span class='ocrx_word' id='word_1_212' title='bbox 744 1154 762 1182; x_wconf 86' lang='lat'>2</span> <span class='ocrx_word' id='word_1_213' title='bbox 781 1156 822 1183; x_wconf 82' lang='lat' dir='ltr'>Et</span> <span class='ocrx_word' id='word_1_214' title='bbox 840 1157 929 1191; x_wconf 85' lang='lat' dir='ltr'>judex</span> <span class='ocrx_word' id='word_1_215' title='bbox 947 1158 1010 1185; x_wconf 85' lang='lat' dir='ltr'>KL.</span> <span class='ocrx_word' id='word_1_216' title='bbox 1038 1171 1073 1175; x_wconf 91' lang='lat'><strong>—</strong></span> <span class='ocrx_word' id='word_1_217' title='bbox 1101 1156 1129 1191; x_wconf 82' lang='lat'>1,</span> <span class='ocrx_word' id='word_1_218' title='bbox 1159 1156 1176 1186; x_wconf 86' lang='lat'><strong>3</strong></span> <span class='ocrx_word' id='word_1_219' title='bbox 1197 1159 1295 1187; x_wconf 81' lang='lat' dir='ltr'>Sumit</span> <span class='ocrx_word' id='word_1_220' title='bbox 1320 1161 1371 1195; x_wconf 91' lang='lat' dir='ltr'>qui</span> <span class='ocrx_word' id='word_1_221' title='bbox 1389 1160 1536 1193; x_wconf 83' lang='lat' dir='ltr'>ABCKL;</span> 
     </span>
     <span class='ocr_line' id='line_1_24' title="bbox 243 1192 1536 1232; baseline 0.003 -11"><span class='ocrx_word' id='word_1_222' title='bbox 243 1195 337 1222; x_wconf 85' lang='lat' dir='ltr'>Morte</span> <span class='ocrx_word' id='word_1_223' title='bbox 361 1196 411 1229; x_wconf 91' lang='lat' dir='ltr'>qui</span> <span class='ocrx_word' id='word_1_224' title='bbox 435 1195 518 1222; x_wconf 83' lang='lat' dir='ltr'>fulsit</span> <span class='ocrx_word' id='word_1_225' title='bbox 537 1194 569 1222; x_wconf 94' lang='lat' dir='ltr'>G.</span> <span class='ocrx_word' id='word_1_226' title='bbox 590 1208 626 1212; x_wconf 90' lang='lat'><strong>—</strong></span> <span class='ocrx_word' id='word_1_227' title='bbox 648 1192 676 1225; x_wconf 86' lang='lat'>1,</span> <span class='ocrx_word' id='word_1_228' title='bbox 700 1193 720 1221; x_wconf 92' lang='lat'>4</span> <span class='ocrx_word' id='word_1_229' title='bbox 739 1193 824 1220; x_wconf 80' lang='lat' dir='ltr'>Adsit</span> <span class='ocrx_word' id='word_1_230' title='bbox 846 1197 913 1229; x_wconf 91' lang='lat' dir='ltr'>post</span> <span class='ocrx_word' id='word_1_231' title='bbox 935 1196 967 1222; x_wconf 90' lang='lat' dir='ltr'>in</span> <span class='ocrx_word' id='word_1_232' title='bbox 986 1195 1025 1228; x_wconf 87' lang='lat' dir='ltr'>B;</span> <span class='ocrx_word' id='word_1_233' title='bbox 1051 1195 1092 1222; x_wconf 87' lang='lat' dir='ltr'>Et</span> <span class='ocrx_word' id='word_1_234' title='bbox 1111 1197 1154 1223; x_wconf 87' lang='lat' dir='ltr'>sie</span> <span class='ocrx_word' id='word_1_235' title='bbox 1173 1200 1240 1232; x_wconf 87' lang='lat' dir='ltr'>post</span> <span class='ocrx_word' id='word_1_236' title='bbox 1258 1198 1289 1223; x_wconf 88' lang='lat' dir='ltr'>in</span> <span class='ocrx_word' id='word_1_237' title='bbox 1308 1196 1370 1231; x_wconf 83' lang='lat' dir='ltr'>AC;</span> <span class='ocrx_word' id='word_1_238' title='bbox 1399 1196 1485 1225; x_wconf 89' lang='lat' dir='ltr'>Salus</span> <span class='ocrx_word' id='word_1_239' title='bbox 1505 1200 1536 1225; x_wconf 87' lang='lat' dir='ltr'>in</span> 
     </span>
     <span class='ocr_line' id='line_1_25' title="bbox 239 1230 1537 1269; baseline 0.004 -11"><span class='ocrx_word' id='word_1_240' title='bbox 239 1232 350 1266; x_wconf 88' lang='lat' dir='ltr'>judicio</span> <span class='ocrx_word' id='word_1_241' title='bbox 375 1232 408 1260; x_wconf 88' lang='lat' dir='ltr'>G.</span> <span class='ocrx_word' id='word_1_242' title='bbox 436 1247 471 1252; x_wconf 79' lang='lat'>--</span> <span class='ocrx_word' id='word_1_243' title='bbox 491 1230 523 1263; x_wconf 81' lang='lat'>2,</span> <span class='ocrx_word' id='word_1_244' title='bbox 554 1230 568 1258; x_wconf 91' lang='lat'>1</span> <span class='ocrx_word' id='word_1_245' title='bbox 588 1232 624 1259; x_wconf 88' lang='lat' dir='ltr'>In</span> <span class='ocrx_word' id='word_1_246' title='bbox 653 1231 699 1258; x_wconf 92' lang='lat' dir='ltr'>his</span> <span class='ocrx_word' id='word_1_247' title='bbox 725 1233 845 1258; x_wconf 84' lang='lat' dir='ltr'>sacratis</span> <span class='ocrx_word' id='word_1_248' title='bbox 872 1233 1005 1267; x_wconf 87' lang='lat' dir='ltr'>precibus</span> <span class='ocrx_word' id='word_1_249' title='bbox 1024 1233 1086 1259; x_wconf 90' lang='lat' dir='ltr'>KL.</span> <span class='ocrx_word' id='word_1_250' title='bbox 1116 1247 1148 1252; x_wconf 86' lang='lat'>—</span> <span class='ocrx_word' id='word_1_251' title='bbox 1177 1232 1209 1268; x_wconf 77' lang='lat'>3,</span> <span class='ocrx_word' id='word_1_252' title='bbox 1238 1233 1253 1261; x_wconf 89' lang='lat'>1</span> <span class='ocrx_word' id='word_1_253' title='bbox 1272 1234 1413 1269; x_wconf 81' lang='lat' dir='ltr'>Apostole</span> <span class='ocrx_word' id='word_1_254' title='bbox 1432 1235 1473 1269; x_wconf 85' lang='lat' dir='ltr'>B;</span> <span class='ocrx_word' id='word_1_255' title='bbox 1496 1236 1537 1263; x_wconf 76' lang='lat' dir='ltr'>Et</span> 
     </span>
     <span class='ocr_line' id='line_1_26' title="bbox 243 1266 1534 1309; baseline 0.004 -14"><span class='ocrx_word' id='word_1_256' title='bbox 243 1268 344 1304; x_wconf 83' lang='lat' dir='ltr'>populi</span> <span class='ocrx_word' id='word_1_257' title='bbox 365 1271 415 1304; x_wconf 82' lang='lat' dir='ltr'>qui</span> <span class='ocrx_word' id='word_1_258' title='bbox 434 1268 497 1301; x_wconf 81' lang='lat' dir='ltr'>AC3</span> <span class='ocrx_word' id='word_1_259' title='bbox 525 1269 567 1296; x_wconf 87' lang='lat' dir='ltr'>Ut</span> <span class='ocrx_word' id='word_1_260' title='bbox 584 1268 686 1304; x_wconf 89' lang='lat' dir='ltr'>populi</span> <span class='ocrx_word' id='word_1_261' title='bbox 706 1269 757 1303; x_wconf 88' lang='lat' dir='ltr'>qui</span> <span class='ocrx_word' id='word_1_262' title='bbox 776 1268 809 1295; x_wconf 87' lang='lat' dir='ltr'>G.</span> <span class='ocrx_word' id='word_1_263' title='bbox 828 1285 866 1288; x_wconf 97' lang='lat'><strong>—</strong></span> <span class='ocrx_word' id='word_1_264' title='bbox 885 1266 918 1304; x_wconf 85' lang='lat'>3,</span> <span class='ocrx_word' id='word_1_265' title='bbox 939 1267 956 1297; x_wconf 86' lang='lat'>3</span> <span class='ocrx_word' id='word_1_266' title='bbox 977 1269 1118 1297; x_wconf 88' lang='lat' dir='ltr'>colibrum</span> <span class='ocrx_word' id='word_1_267' title='bbox 1137 1271 1169 1298; x_wconf 91' lang='lat' dir='ltr'>B.</span> <span class='ocrx_word' id='word_1_268' title='bbox 1191 1286 1227 1290; x_wconf 92' lang='lat'>—</span> <span class='ocrx_word' id='word_1_269' title='bbox 1246 1268 1273 1306; x_wconf 87' lang='lat'>4,</span> <span class='ocrx_word' id='word_1_270' title='bbox 1297 1271 1310 1298; x_wconf 91' lang='lat'>1</span> <span class='ocrx_word' id='word_1_271' title='bbox 1330 1271 1372 1299; x_wconf 80' lang='lat' dir='ltr'>Et</span> <span class='ocrx_word' id='word_1_272' title='bbox 1391 1273 1534 1309; x_wconf 80' lang='lat' dir='ltr'>supplices</span> 
     </span>
     <span class='ocr_line' id='line_1_27' title="bbox 244 1305 804 1341; baseline -0.002 -8"><span class='ocrx_word' id='word_1_273' title='bbox 244 1306 301 1341; x_wconf 77' lang='lat' dir='ltr'>GI3</span> <span class='ocrx_word' id='word_1_274' title='bbox 322 1306 370 1333; x_wconf 82' lang='lat' dir='ltr'>die</span> <span class='ocrx_word' id='word_1_275' title='bbox 388 1314 480 1341; x_wconf 74' lang='lat' dir='ltr'>ganzo</span> <span class='ocrx_word' id='word_1_276' title='bbox 500 1305 555 1333; x_wconf 82' lang='lat' dir='ltr'>Str.</span> <span class='ocrx_word' id='word_1_277' title='bbox 575 1306 669 1333; x_wconf 86' lang='lat' dir='ltr'>lautet</span> <span class='ocrx_word' id='word_1_278' title='bbox 687 1307 718 1332; x_wconf 92' lang='lat' dir='ltr'>in</span> <span class='ocrx_word' id='word_1_279' title='bbox 736 1305 804 1332; x_wconf 92' lang='lat' dir='ltr'>KL:</span> 
     </span>
    </p>

    <p class='ocr_par' dir='ltr' id='par_1_7' title="bbox 670 1343 1034 1378">
     <span class='ocr_line' id='line_1_28' title="bbox 670 1343 1034 1378; baseline 0.005 -9"><span class='ocrx_word' id='word_1_280' title='bbox 670 1343 712 1370; x_wconf 87' lang='lat' dir='ltr'>Ut.</span> <span class='ocrx_word' id='word_1_281' title='bbox 730 1343 875 1378; x_wconf 86' lang='lat' dir='ltr'>supplices</span> <span class='ocrx_word' id='word_1_282' title='bbox 896 1345 1034 1372; x_wconf 81' lang='lat' dir='ltr'>exaudias</span> 
     </span>
    </p>

    <p class='ocr_par' dir='ltr' id='par_1_8' title="bbox 672 1380 1115 1416">
     <span class='ocr_line' id='line_1_29' title="bbox 672 1380 1115 1416; baseline 0.007 -10"><span class='ocrx_word' id='word_1_283' title='bbox 672 1380 778 1407; x_wconf 81' lang='lat' dir='ltr'>Pacem</span> <span class='ocrx_word' id='word_1_284' title='bbox 798 1382 906 1408; x_wconf 82' lang='lat' dir='ltr'>cunctis</span> <span class='ocrx_word' id='word_1_285' title='bbox 929 1384 958 1409; x_wconf 88' lang='lat' dir='ltr'>et</span> <span class='ocrx_word' id='word_1_286' title='bbox 977 1381 1115 1416; x_wconf 84' lang='lat' dir='ltr'>conferas,</span> 
     </span>
    </p>

    <p class='ocr_par' dir='ltr' id='par_1_9' title="bbox 673 1416 1062 1453">
     <span class='ocr_line' id='line_1_30' title="bbox 673 1416 1062 1453; baseline 0.005 -10"><span class='ocrx_word' id='word_1_287' title='bbox 673 1416 779 1444; x_wconf 87' lang='lat' dir='ltr'>Omnes</span> <span class='ocrx_word' id='word_1_288' title='bbox 799 1417 897 1446; x_wconf 87' lang='lat' dir='ltr'>fideles</span> <span class='ocrx_word' id='word_1_289' title='bbox 918 1421 954 1453; x_wconf 86' lang='lat' dir='ltr'>te,</span> <span class='ocrx_word' id='word_1_290' title='bbox 975 1419 1062 1452; x_wconf 78' lang='lat' dir='ltr'>Deus,</span> 
     </span>
    </p>

    <p class='ocr_par' dir='ltr' id='par_1_10' title="bbox 242 1454 1540 1601">
     <span class='ocr_line' id='line_1_31' title="bbox 673 1454 1116 1488; baseline 0.007 -7"><span class='ocrx_word' id='word_1_291' title='bbox 673 1454 850 1488; x_wconf 78' lang='lat' dir='ltr'>collaudent,</span> <span class='ocrx_word' id='word_1_292' title='bbox 872 1459 972 1484; x_wconf 83' lang='lat' dir='ltr'>sancta</span> <span class='ocrx_word' id='word_1_293' title='bbox 992 1457 1116 1484; x_wconf 74' lang='lat' dir='ltr'>trinitas.</span> 
     </span>
     <span class='ocr_line' id='line_1_32' title="bbox 244 1491 1540 1534; baseline 0.006 -16"><span class='ocrx_word' id='word_1_294' title='bbox 244 1492 348 1519; x_wconf 80' lang='lat' dir='ltr'>Dieser</span> <span class='ocrx_word' id='word_1_295' title='bbox 368 1492 501 1526; x_wconf 85' lang='lat' dir='ltr'>Hymnus</span> <span class='ocrx_word' id='word_1_296' title='bbox 523 1492 563 1518; x_wconf 88' lang='lat' dir='ltr'>ist</span> <span class='ocrx_word' id='word_1_297' title='bbox 587 1491 784 1520; x_wconf 84' lang='lat' dir='ltr'>selbstredend</span> <span class='ocrx_word' id='word_1_298' title='bbox 809 1501 864 1519; x_wconf 86' lang='lat' dir='ltr'>nur</span> <span class='ocrx_word' id='word_1_299' title='bbox 890 1495 937 1521; x_wconf 88' lang='lat' dir='ltr'>ein</span> <span class='ocrx_word' id='word_1_300' title='bbox 955 1494 1021 1522; x_wconf 86' lang='lat' dir='ltr'>Teil</span> <span class='ocrx_word' id='word_1_301' title='bbox 1049 1494 1098 1522; x_wconf 85' lang='lat' dir='ltr'>des</span> <span class='ocrx_word' id='word_1_302' title='bbox 1123 1496 1378 1532; x_wconf 83' lang='lat' dir='ltr'>vorhergehenden</span> <span class='ocrx_word' id='word_1_303' title='bbox 1401 1498 1459 1525; x_wconf 89' lang='lat' dir='ltr'>und</span> <span class='ocrx_word' id='word_1_304' title='bbox 1484 1500 1540 1534; x_wconf 78' lang='lat' dir='ltr'>gilt</span> 
     </span>
     <span class='ocr_line' id='line_1_33' title="bbox 244 1529 1538 1567; baseline 0.006 -12"><span class='ocrx_word' id='word_1_305' title='bbox 244 1529 317 1556; x_wconf 85' lang='lat' dir='ltr'>auch</span> <span class='ocrx_word' id='word_1_306' title='bbox 337 1538 394 1556; x_wconf 84' lang='lat' dir='ltr'>von</span> <span class='ocrx_word' id='word_1_307' title='bbox 413 1529 474 1556; x_wconf 89' lang='lat' dir='ltr'>ihm</span> <span class='ocrx_word' id='word_1_308' title='bbox 489 1529 540 1555; x_wconf 84' lang='lat' dir='ltr'>das</span> <span class='ocrx_word' id='word_1_309' title='bbox 563 1529 628 1556; x_wconf 86' lang='lat' dir='ltr'>dort</span> <span class='ocrx_word' id='word_1_310' title='bbox 640 1529 801 1557; x_wconf 81' lang='lat' dir='ltr'>Bemerkte.</span> <span class='ocrx_word' id='word_1_311' title='bbox 835 1530 891 1558; x_wconf 86' lang='lat' dir='ltr'>Die</span> <span class='ocrx_word' id='word_1_312' title='bbox 910 1531 1065 1567; x_wconf 83' lang='lat' dir='ltr'>Zuteilung</span> <span class='ocrx_word' id='word_1_313' title='bbox 1084 1532 1179 1560; x_wconf 85' lang='lat' dir='ltr'>dieser</span> <span class='ocrx_word' id='word_1_314' title='bbox 1199 1534 1260 1562; x_wconf 87' lang='lat' dir='ltr'>drei</span> <span class='ocrx_word' id='word_1_315' title='bbox 1272 1534 1409 1567; x_wconf 82' lang='lat' dir='ltr'>Hymnen</span> <span class='ocrx_word' id='word_1_316' title='bbox 1427 1545 1464 1563; x_wconf 92' lang='lat' dir='ltr'>zu</span> <span class='ocrx_word' id='word_1_317' title='bbox 1483 1537 1538 1564; x_wconf 87' lang='lat' dir='ltr'>den</span> 
     </span>
     <span class='ocr_line' id='line_1_34' title="bbox 242 1566 958 1601; baseline 0.006 -9"><span class='ocrx_word' id='word_1_318' title='bbox 242 1566 469 1594; x_wconf 72' lang='lat' dir='ltr'>verschiedenen</span> <span class='ocrx_word' id='word_1_319' title='bbox 488 1567 678 1601; x_wconf 81' lang='lat' dir='ltr'>Tageszeiten</span> <span class='ocrx_word' id='word_1_320' title='bbox 696 1569 737 1595; x_wconf 90' lang='lat' dir='ltr'>ist</span> <span class='ocrx_word' id='word_1_321' title='bbox 755 1566 958 1596; x_wconf 81' lang='lat' dir='ltr'>schwankend.</span> 
     </span>
    </p>
   </div>
   <div class='ocr_carea' id='block_1_5' title="bbox 679 1685 1100 1792">
    <p class='ocr_par' dir='ltr' id='par_1_11' title="bbox 679 1685 1100 1792">
     <span class='ocr_line' id='line_1_35' title="bbox 679 1685 1100 1720; baseline 0.007 -4"><span class='ocrx_word' id='word_1_322' title='bbox 679 1685 745 1717; x_wconf 85' lang='lat'>280.</span> <span class='ocrx_word' id='word_1_323' title='bbox 787 1686 830 1717; x_wconf 87' lang='lat' dir='ltr'>De</span> <span class='ocrx_word' id='word_1_324' title='bbox 850 1689 955 1719; x_wconf 87' lang='lat' dir='ltr'>sancto</span> <span class='ocrx_word' id='word_1_325' title='bbox 978 1687 1100 1720; x_wconf 80' lang='lat' dir='ltr'>Jacobo.</span> 
     </span>
     <span class='ocr_line' id='line_1_36' title="bbox 777 1753 998 1792; baseline 0.005 -11"><span class='ocrx_word' id='word_1_326' title='bbox 777 1753 825 1782; x_wconf 85' lang='lat' dir='ltr'>Ad</span> <span class='ocrx_word' id='word_1_327' title='bbox 845 1753 998 1792; x_wconf 85' lang='lat' dir='ltr'>Vesperas.</span> 
     </span>
    </p>
   </div>
   <div class='ocr_carea' id='block_1_6' title="bbox 243 1819 1435 1863">
    <p class='ocr_par' dir='ltr' id='par_1_12' title="bbox 243 1819 1435 1863">
     <span class='ocr_line' id='line_1_37' title="bbox 243 1819 1435 1863; baseline 0.007 -12"><span class='ocrx_word' id='word_1_328' title='bbox 243 1819 273 1852; x_wconf 89' lang='lat'>1.</span> <span class='ocrx_word' id='word_1_329' title='bbox 299 1819 383 1851; x_wconf 85' lang='lat' dir='ltr'>Gens</span> <span class='ocrx_word' id='word_1_330' title='bbox 409 1821 519 1850; x_wconf 85' lang='lat' dir='ltr'>cuneta</span> <span class='ocrx_word' id='word_1_331' title='bbox 537 1820 668 1852; x_wconf 88' lang='lat' dir='ltr'>credens</span> <span class='ocrx_word' id='word_1_332' title='bbox 685 1820 859 1861; x_wconf 87' lang='lat' dir='ltr'>symbolum</span> <span class='ocrx_word' id='word_1_333' title='bbox 917 1826 948 1857; x_wconf 89' lang='lat'>4.</span> <span class='ocrx_word' id='word_1_334' title='bbox 973 1824 1148 1863; x_wconf 85' lang='lat' dir='ltr'>Suspensus</span> <span class='ocrx_word' id='word_1_335' title='bbox 1173 1826 1223 1858; x_wconf 88' lang='lat' dir='ltr'>vir</span> <span class='ocrx_word' id='word_1_336' title='bbox 1246 1826 1435 1860; x_wconf 86' lang='lat' dir='ltr'>Teutonicus</span> 
     </span>
    </p>
   </div>
   <div class='ocr_carea' id='block_1_7' title="bbox 242 1866 1486 2354">
    <p class='ocr_par' dir='ltr' id='par_1_13' title="bbox 300 1866 1440 2002">
     <span class='ocr_line' id='line_1_38' title="bbox 300 1866 1440 1914; baseline 0.008 -17"><span class='ocrx_word' id='word_1_337' title='bbox 300 1866 450 1897; x_wconf 86' lang='lat' dir='ltr'>Laetetur</span> <span class='ocrx_word' id='word_1_338' title='bbox 475 1874 531 1905; x_wconf 84' lang='lat' dir='ltr'>per</span> <span class='ocrx_word' id='word_1_339' title='bbox 556 1868 730 1905; x_wconf 84' lang='lat' dir='ltr'>apostolum</span> <span class='ocrx_word' id='word_1_340' title='bbox 976 1871 1152 1903; x_wconf 85' lang='lat' dir='ltr'>Procurans</span> <span class='ocrx_word' id='word_1_341' title='bbox 1177 1873 1292 1913; x_wconf 81' lang='lat' dir='ltr'>hospes</span> <span class='ocrx_word' id='word_1_342' title='bbox 1316 1874 1440 1914; x_wconf 84' lang='lat' dir='ltr'>iniquus</span> 
     </span>
     <span class='ocr_line' id='line_1_39' title="bbox 300 1912 1409 1964; baseline 0.008 -20"><span class='ocrx_word' id='word_1_343' title='bbox 300 1912 461 1954; x_wconf 84' lang='lat' dir='ltr'>Jacobum,</span> <span class='ocrx_word' id='word_1_344' title='bbox 489 1921 558 1944; x_wconf 88' lang='lat' dir='ltr'>eum</span> <span class='ocrx_word' id='word_1_345' title='bbox 582 1914 703 1946; x_wconf 87' lang='lat' dir='ltr'>laetitia</span> <span class='ocrx_word' id='word_1_346' title='bbox 975 1917 1017 1949; x_wconf 88' lang='lat' dir='ltr'>Et</span> <span class='ocrx_word' id='word_1_347' title='bbox 1042 1918 1175 1950; x_wconf 85' lang='lat' dir='ltr'>Tolosae</span> <span class='ocrx_word' id='word_1_348' title='bbox 1199 1921 1409 1964; x_wconf 86' lang='lat' dir='ltr'>suspenditur,</span> 
     </span>
     <span class='ocr_line' id='line_1_40' title="bbox 301 1959 1414 2002; baseline 0.009 -12"><span class='ocrx_word' id='word_1_349' title='bbox 301 1959 483 1991; x_wconf 84' lang='lat' dir='ltr'>Gratuletur</span> <span class='ocrx_word' id='word_1_350' title='bbox 504 1960 667 1999; x_wconf 87' lang='lat' dir='ltr'>Hispania.</span> <span class='ocrx_word' id='word_1_351' title='bbox 975 1964 1120 1996; x_wconf 82' lang='lat' dir='ltr'>Mortuus</span> <span class='ocrx_word' id='word_1_352' title='bbox 1145 1966 1235 1999; x_wconf 89' lang='lat' dir='ltr'>vivus</span> <span class='ocrx_word' id='word_1_353' title='bbox 1259 1968 1414 2002; x_wconf 82' lang='lat' dir='ltr'>redditur.</span> 
     </span>
    </p>

    <p class='ocr_par' dir='ltr' id='par_1_14' title="bbox 242 2015 1486 2199">
     <span class='ocr_line' id='line_1_41' title="bbox 242 2015 1382 2067; baseline 0.007 -20"><span class='ocrx_word' id='word_1_354' title='bbox 242 2016 272 2047; x_wconf 84' lang='lat'>2.</span> <span class='ocrx_word' id='word_1_355' title='bbox 301 2015 402 2047; x_wconf 88' lang='lat' dir='ltr'>Adest</span> <span class='ocrx_word' id='word_1_356' title='bbox 427 2016 493 2047; x_wconf 87' lang='lat' dir='ltr'>dies</span> <span class='ocrx_word' id='word_1_357' title='bbox 516 2016 723 2056; x_wconf 85' lang='lat' dir='ltr'>sanctissima,</span> <span class='ocrx_word' id='word_1_358' title='bbox 918 2021 949 2052; x_wconf 89' lang='lat'>5.</span> <span class='ocrx_word' id='word_1_359' title='bbox 974 2019 1103 2059; x_wconf 88' lang='lat' dir='ltr'>Iniquus</span> <span class='ocrx_word' id='word_1_360' title='bbox 1129 2021 1242 2062; x_wconf 88' lang='lat' dir='ltr'>hospes</span> <span class='ocrx_word' id='word_1_361' title='bbox 1267 2024 1382 2067; x_wconf 84' lang='lat' dir='ltr'>rapuit,</span> 
     </span>
     <span class='ocr_line' id='line_1_42' title="bbox 300 2062 1343 2111; baseline 0.008 -17"><span class='ocrx_word' id='word_1_362' title='bbox 300 2062 485 2094; x_wconf 81' lang='lat' dir='ltr'>Christianis</span> <span class='ocrx_word' id='word_1_363' title='bbox 509 2062 690 2102; x_wconf 86' lang='lat' dir='ltr'>laetissima,</span> <span class='ocrx_word' id='word_1_364' title='bbox 972 2067 1037 2097; x_wconf 88' lang='lat' dir='ltr'>Aes</span> <span class='ocrx_word' id='word_1_365' title='bbox 1059 2067 1181 2100; x_wconf 77' lang='lat' dir='ltr'>Pictavi</span> <span class='ocrx_word' id='word_1_366' title='bbox 1203 2071 1343 2111; x_wconf 86' lang='lat' dir='ltr'>retinuit,</span> 
     </span>
     <span class='ocr_line' id='line_1_43' title="bbox 301 2108 1486 2162; baseline 0.01 -23"><span class='ocrx_word' id='word_1_367' title='bbox 301 2108 368 2147; x_wconf 70' lang='lat' dir='ltr'>Qua</span> <span class='ocrx_word' id='word_1_368' title='bbox 390 2108 527 2142; x_wconf 84' lang='lat' dir='ltr'>Jacobus</span> <span class='ocrx_word' id='word_1_369' title='bbox 551 2109 719 2142; x_wconf 84' lang='lat' dir='ltr'>virtut-ibus</span> <span class='ocrx_word' id='word_1_370' title='bbox 973 2112 1036 2144; x_wconf 88' lang='lat' dir='ltr'>Hic</span> <span class='ocrx_word' id='word_1_371' title='bbox 1058 2118 1190 2146; x_wconf 86' lang='lat' dir='ltr'>mortem</span> <span class='ocrx_word' id='word_1_372' title='bbox 1215 2117 1255 2148; x_wconf 91' lang='lat' dir='ltr'>ob</span> <span class='ocrx_word' id='word_1_373' title='bbox 1280 2117 1340 2148; x_wconf 87' lang='lat' dir='ltr'>hoc</span> <span class='ocrx_word' id='word_1_374' title='bbox 1363 2118 1486 2162; x_wconf 87' lang='lat' dir='ltr'>incidit,</span> 
     </span>
     <span class='ocr_line' id='line_1_44' title="bbox 299 2155 1369 2199; baseline 0.01 -13"><span class='ocrx_word' id='word_1_375' title='bbox 299 2155 436 2187; x_wconf 80' lang='lat' dir='ltr'>Locatur</span> <span class='ocrx_word' id='word_1_376' title='bbox 459 2155 493 2187; x_wconf 89' lang='lat' dir='ltr'>in</span> <span class='ocrx_word' id='word_1_377' title='bbox 518 2157 715 2190; x_wconf 78' lang='lat' dir='ltr'>coelestibus.</span> <span class='ocrx_word' id='word_1_378' title='bbox 973 2160 1221 2199; x_wconf 82' lang='lat' dir='ltr'>Pampilonunae</span> <span class='ocrx_word' id='word_1_379' title='bbox 1244 2164 1369 2197; x_wconf 78' lang='lat' dir='ltr'>accidit..</span> 
     </span>
    </p>

    <p class='ocr_par' dir='ltr' id='par_1_15' title="bbox 245 2212 1482 2354">
     <span class='ocr_line' id='line_1_45' title="bbox 245 2212 1352 2264; baseline 0.006 -19"><span class='ocrx_word' id='word_1_380' title='bbox 245 2213 276 2245; x_wconf 88' lang='lat'>3.</span> <span class='ocrx_word' id='word_1_381' title='bbox 303 2212 487 2243; x_wconf 84' lang='lat' dir='ltr'>Rcsurrexit</span> <span class='ocrx_word' id='word_1_382' title='bbox 510 2212 560 2243; x_wconf 86' lang='lat' dir='ltr'>vir</span> <span class='ocrx_word' id='word_1_383' title='bbox 585 2212 734 2253; x_wconf 84' lang='lat' dir='ltr'>Gallicus,</span> <span class='ocrx_word' id='word_1_384' title='bbox 919 2217 949 2249; x_wconf 87' lang='lat'>6.</span> <span class='ocrx_word' id='word_1_385' title='bbox 976 2216 1103 2248; x_wconf 84' lang='lat' dir='ltr'>Animal</span> <span class='ocrx_word' id='word_1_386' title='bbox 1128 2219 1352 2264; x_wconf 84' lang='lat' dir='ltr'>accomodavit,</span> 
     </span>
     <span class='ocr_line' id='line_1_46' title="bbox 298 2259 1482 2311; baseline 0.011 -22"><span class='ocrx_word' id='word_1_387' title='bbox 298 2259 467 2290; x_wconf 84' lang='lat' dir='ltr'>Parentum</span> <span class='ocrx_word' id='word_1_388' title='bbox 491 2261 582 2291; x_wconf 86' lang='lat' dir='ltr'>natus</span> <span class='ocrx_word' id='word_1_389' title='bbox 607 2261 728 2303; x_wconf 86' lang='lat' dir='ltr'>unicus,</span> <span class='ocrx_word' id='word_1_390' title='bbox 976 2262 1058 2295; x_wconf 89' lang='lat' dir='ltr'>Huic</span> <span class='ocrx_word' id='word_1_391' title='bbox 1081 2267 1213 2296; x_wconf 85' lang='lat' dir='ltr'>mortem</span> <span class='ocrx_word' id='word_1_392' title='bbox 1237 2269 1482 2311; x_wconf 83' lang='lat' dir='ltr'>praenuntiavit,</span> 
     </span>
     <span class='ocr_line' id='line_1_47' title="bbox 301 2305 1338 2354; baseline 0.009 -18"><span class='ocrx_word' id='word_1_393' title='bbox 301 2305 409 2337; x_wconf 85' lang='lat' dir='ltr'>Sancti</span> <span class='ocrx_word' id='word_1_394' title='bbox 433 2306 545 2340; x_wconf 84' lang='lat' dir='ltr'>Jacobi</span> <span class='ocrx_word' id='word_1_395' title='bbox 568 2307 724 2351; x_wconf 81' lang='lat' dir='ltr'>precibus,</span> <span class='ocrx_word' id='word_1_396' title='bbox 974 2310 1145 2348; x_wconf 90' lang='lat' dir='ltr'>Apostolus</span> <span class='ocrx_word' id='word_1_397' title='bbox 1172 2312 1338 2354; x_wconf 86' lang='lat' dir='ltr'>disparuit,</span> 
     </span>
    </p>
   </div>
   <div class='ocr_carea' id='block_1_8' title="bbox 299 2352 1316 2393">
    <p class='ocr_par' dir='ltr' id='par_1_16' title="bbox 299 2352 1316 2393">
     <span class='ocr_line' id='line_1_48' title="bbox 299 2352 1316 2393; baseline 0.008 -8"><span class='ocrx_word' id='word_1_398' title='bbox 299 2352 424 2385; x_wconf 83' lang='lat' dir='ltr'>Meritis</span> <span class='ocrx_word' id='word_1_399' title='bbox 451 2361 489 2385; x_wconf 81' lang='lat' dir='ltr'>ac</span> <span class='ocrx_word' id='word_1_400' title='bbox 513 2353 688 2387; x_wconf 88' lang='lat' dir='ltr'>virtutibus.</span> <span class='ocrx_word' id='word_1_401' title='bbox 974 2356 1019 2389; x_wconf 89' lang='lat' dir='ltr'>Et</span> <span class='ocrx_word' id='word_1_402' title='bbox 1042 2358 1157 2390; x_wconf 86' lang='lat' dir='ltr'>animal</span> <span class='ocrx_word' id='word_1_403' title='bbox 1182 2361 1316 2393; x_wconf 84' lang='lat' dir='ltr'>evanuit.</span> 
     </span>
    </p>
   </div>
  </div>
 </body>
</html>
