1651 2518
730 93 774 99 -
824 77 986 109 220—

649 167 713 198 386.
753 167 795 197 De
815 165 925 197 saneta
942 164 1071 197 Mari-na.

732 231 779 262 Ad
799 232 985 262 Nocturnum.

223 304 252 335 1.
279 303 437 343 Hymnum
462 303 560 334 mirae
585 301 758 334 dulcedinis
893 302 922 333 3.
950 299 1048 332 Laeta
1072 299 1177 331 Jesum
1202 297 1402 338 amplectitur

281 349 387 382 Sancti
414 350 581 382 decantant
603 348 706 388 hodie,
951 346 1046 386 Cujus
1071 355 1175 378 amore
1199 346 1348 386 languida

280 396 362 428 Dum
386 406 458 428 rosa
481 395 724 436 pulchritudinis
950 393 1029 425 Dira
1052 395 1207 425 tormenta
1230 392 1349 432 patitur

281 442 416 475 offertur
440 443 504 483 regi
529 441 656 482 gloriae.
949 440 1059 471 Mente
1083 443 1228 472 constans
1252 440 1420 478 intrepida.

223 501 253 531 2.
278 499 403 530 Mariua
428 499 515 538 virgo
540 498 636 537 regia,
894 498 925 528 4.
951 496 1090 537 Fulgens
1116 504 1231 527 corona
1255 495 1373 534 duplici

283 545 478 585 virginitatis
501 545 610 588 lilium,
954 543 1058 575 Solem
1082 543 1253 582 splendore
1275 545 1413 582 superat‚

281 590 484 623 Transfertur
508 591 546 622 ab
573 591 706 622 ecclesia
958 591 1070 622 Potum
1094 589 1190 621 fontis
1214 587 1340 621 mirifici

283 639 320 669 In
347 638 480 670 coeleste
505 638 667 670 rosarium.
954 636 1117 677 Degustat‚
1145 644 1236 676 quem
1259 636 1427 668 sistiverat.

587 695 617 731 5.
643 694 711 725 Rex
737 693 861 725 Christe
886 692 1133 725 clementissime.

296 759 379 786 Brev.
400 766 452 785 ms.
472 759 644 785 Zamorense
664 765 738 785 saec.
761 756 803 785 15.
825 758 892 785 Cod.
913 757 1005 792 Capit.
1024 758 1173 785 Zamoren.
1194 765 1216 784 s.
1236 766 1264 784 n.

656 868 720 898 387.
758 868 801 898 Dc
820 868 928 898 sancta
946 866 1073 898 Mariua.

777 934 825 963 Ad
843 933 968 963 Laudes.

227 1003 257 1034 1.
283 1003 373 1034 Novo
397 1001 520 1042 fulgore
541 1003 674 1034 rutilans
900 1003 931 1034 3.
957 1001 1047 1033 Serto
1071 1001 1185 1033 decora
1207 1001 1332 1033 luminis

285 1049 475 1081 Collaetctur
501 1049 643 1087 ecclesia,
958 1048 1042 1079 Coeli
1065 1048 1178 1079 transit
1202 1046 1338 1087 fastigia,

282 1096 458 1134 Martyrum
481 1099 606 1135 promat
625 1096 763 1134 jubilans
957 1094 1102 1126 Summae
1127 1102 1249 1126 carmen
1277 1094 1450 1126 dulcedinis

284 1142 393 1174 Novae
415 1143 517 1174 laudis
540 1142 716 1182 praeconia.
957 1140 1095 1173 Canente
1120 1141 1198 1172 coeli
1222 1141 1316 1173 curia.

228 1200 257 1230 2.
285 1198 419 1238 Marina,
447 1198 540 1237 plena
562 1197 636 1229 fidei
900 1199 932 1232 4.
960 1196 1511 1236 Christum,quemhicperspeculum

286 1244 402 1276 Christi
426 1252 556 1283 sequens
581 1244 723 1284 vestigia,
955 1244 1000 1276 Et
1023 1253 1081 1283 per
1105 1244 1250 1284 aenigma
1273 1243 1407 1282 viderat,

286 1292 338 1323 Ad
363 1291 520 1323 Christum
542 1292 626 1323 laeta
650 1291 779 1330 provehi
959 1290 1196 1329 Contemplatur
1220 1290 1261 1322 ad
1285 1290 1418 1329 oculum,

285 1338 426 1369 Meretur
451 1346 517 1368 cum
544 1337 684 1369 victoria.
955 1337 1122 1379 Cognoscit
1145 1341 1179 1367 ut
1206 1337 1375 1369 desiderat.

592 1396 623 1426 5.
649 1394 716 1425 Rex
743 1392 865 1424 Christe
891 1393 1137 1425 clementissime.

307 1459 388 1485 Brev.
409 1466 461 1485 ms.
481 1458 650 1485 Zamoronse
671 1465 744 1485 saec.
767 1456 809 1485 15.
831 1457 901 1485 God.
921 1457 1014 1493 Capit.
1033 1457 1181 1485 Zamoren.
1201 1465 1224 1483 s.
1243 1466 1270 1484 n.

656 1566 721 1598 388.
761 1566 804 1597 Dc
824 1567 934 1597 sancta.
951 1565 1079 1597 Mariua.

724 1634 759 1663 In
778 1632 866 1670 Vesp.
885 1636 917 1662 et
933 1633 1026 1662 Laud.

238 1701 270 1733 1.
295 1700 377 1739 Tibi,
405 1700 537 1740 Christe,
561 1702 616 1732 lux
642 1704 673 1732 et
696 1702 770 1739 vita,
905 1703 937 1735 3.
964 1702 1058 1740 Cujus
1082 1700 1212 1742 meritis,
1239 1709 1394 1740 rogamus,

335 1747 435 1779 dulcis
459 1757 592 1787 sponsus
616 1748 780 1788 virginum,
1010 1748 1085 1780 Jesu
1108 1747 1340 1788 benignissime,

290 1794 325 1825 In
352 1798 519 1834 conspectu
545 1795 746 1827 decantamus
964 1794 1008 1827 Ut
1030 1804 1086 1826 nos
1111 1793 1202 1827 fauce
1223 1795 1350 1827 liberati

335 1849 540 1880 supernorum
564 1842 730 1882 agminum.
1010 1841 1120 1873 mortis
1144 1841 1357 1882 iniquissimae

292 1887 327 1918 ln
353 1886 433 1919 festo
458 1889 602 1921 Marinae
624 1889 697 1929 piae
963 1888 1076 1920 Tecum
1102 1897 1226 1928 semper
1249 1889 1451 1920 collaetemur

339 1935 447 1967 dantes
468 1935 578 1967 laudes
604 1936 740 1968 vocibus.
1012 1945 1080 1967 cum
1106 1936 1222 1967 sanctis
1247 1935 1418 1975 spiritibus.

235 1992 267 2023 2.
295 1990 377 2029 Quae
402 1991 463 2023 tuis
488 1992 732 2030 obtemperando
908 1995 939 2025 4.
964 1993 1001 2024 In
1026 1992 1087 2023 hoc
1111 1990 1191 2023 festo
1213 1991 1358 2030 virginali

339 2038 466 2069 monitis
491 2042 524 2069 et
543 2039 692 2081 jussibus,
1010 2039 1078 2070 laus
1102 2038 1170 2070 Deo
1193 2038 1342 2077 ingenito,

294 2083 394 2124 Super
420 2089 531 2117 cuncta
554 2089 586 2117 te
610 2086 743 2117 amando
968 2085 1015 2117 Sit
1038 2085 1106 2117 laus
1131 2085 1196 2124 ejus
1223 2085 1383 2124 coaequali

342 2139 424 2163 nunc
445 2132 478 2163 in
504 2132 582 2163 coeli
606 2132 732 2164 sedibus
1010 2133 1086 2165 Jesu
1112 2131 1235 2163 Christo
1259 2131 1372 2173 genito⁷

298 2177 358 2208 Per
381 2181 413 2209 te
437 2179 525 2210 sedet
550 2179 668 2210 sociata
964 2178 1014 2210 Ab
1035 2181 1168 2218 utroque
1192 2178 1376 2217 procedenti

342 2224 495 2264 virginum
520 2225 704 2265 agminibus.
1014 2225 1083 2257 laus
1108 2225 1150 2256 sit
1173 2224 1204 2255 in
1232 2225 1428 2257 coelestibus.

313 2289 394 2315 Brev.
416 2298 468 2316 ms.
490 2289 740 2325 Calagurritanum
760 2298 834 2318 saec.
858 2288 899 2317 15.
932 2289 998 2317 Coa.
1021 2289 1224 2317 Salmanticen.
1249 2287 1309 2317 186.
1329 2290 1363 2317 A.
1384 2304 1420 2310 —
1440 2291 1524 2319 Brev.

239 2325 489 2361 Oalagurritanum
509 2329 539 2354 et
557 2327 738 2355 Calciatonse
757 2329 826 2364 imp.
846 2329 984 2355 Lucronii
1004 2325 1086 2355 1543.
1107 2327 1138 2354 Β.
