1651 2518
716 106 967 142 —139—

605 218 670 250 226.
709 217 753 250 De
772 219 878 250 saneto
900 218 1049 250 Gabriele.

729 285 778 316 Ad
794 286 949 323 Vesperas.

194 362 227 395 1.
255 362 422 394 Collaudet
447 363 539 403 plebs
562 363 703 396 fidelium
870 366 901 397 4.
931 364 1009 396 Post
1031 364 1109 396 haee
1131 363 1248 395 salutat.
1273 362 1405 394 dulciter

252 409 303 441 Ex
329 410 403 442 totis
428 410 492 442 suis
518 410 637 442 viribus
926 411 977 443 Ex
1001 414 1092 450 parte
1116 410 1175 442 Dei
1200 410 1361 451 virginem,

253 456 435 489 Gabrielem
461 458 628 497 egregium,
928 458 1012 496 Quae
1036 457 1097 490 sibi
1120 457 1250 489 eredens
1272 457 1409 496 pleniter

250 503 447 543 Regnan'cem
470 505 504 537 in
526 506 725 538 coelestibus,
926 505 968 536 ΕΙ
993 505 1134 544 concepit
1156 507 1188 535 et
1212 504 1378 537 hominem.

197 571 228 601 2.
253 569 419 601 Danielem
444 570 496 602 hie
521 570 626 603 docuit
870 573 900 604 5.
926 570 985 609 Qui
1011 570 1114 602 clauso
1136 569 1245 601 matris
1270 572 1358 601 utero

251 616 374 648 Futura
396 617 481 649 mala
504 626 643 659 noscere,
926 617 1038 659 Natus⁷
1064 626 1184 657 passus,
1210 615 1394 656 pestiferum

252 663 424 696 Zachariae
448 665 593 704 exposuit,
926 664 1040 696 Oreum
1063 665 1211 704 privavit,
1237 663 1371 696 Cerbero

254 710 417 751 Ingentem
441 712 562 751 prolem
587 711 723 751 gignere.
926 712 1023 744 Posse
1047 711 1160 744 tollens
1186 710 1402 743 damniferum.

195 777 225 809 3.
252 775 315 809 Sed
341 777 413 816 quia
438 776 499 808 fuit
525 777 636 809 dubius
871 778 900 809 6.
925 776 1010 808 Laus
1034 776 1103 808 Deo
1128 777 1170 807 sit
1194 779 1225 807 et
1248 777 1348 816 gloria

249 822 295 854 Et.
317 832 470 862 quaerens
494 824 616 864 signum
639 823 720 863 fieri,
927 823 989 855 Pro
1014 823 1163 855 Gabriele
1186 824 1306 864 angelo,

249 870 291 902 Os
316 870 376 901 sibi
401 871 521 910 elausit,
552 872 650 902 satius
926 869 1020 910 CuJ'us
1047 871 1147 902 dulcis
1168 871 1318 902 memoria

252 917 353 949 Usum
377 921 450 957 post
473 920 575 949 ortum
600 918 699 957 pueri.
923 916 1091 949 Exaltetur
1114 918 1147 948 in
1172 917 1282 956 gloria.

266 992 350 1018 Brev.
376 999 428 1018 ms.
449 991 664 1019 Barcinonense
688 999 761 1018 saec.
790 989 834 1018 15.
856 990 924 1018 Coa.
947 991 1039 1027 Capit.
1057 991 1159 1018 Vicen.
1182 990 1255 1018 ΟΠ.
1274 991 1308 1018 Α.
1335 1005 1373 1009 -—
1399 991 1483 1019 Brev.

188 1029 408 1056 Tarraconense
435 1030 503 1063 imp.
524 1029 706 1057 Barcinonae
734 1026 814 1056 1484.
835 1028 867 1057 Β.
894 1041 931 1047 —·
954 1029 1039 1056 Brev.
1060 1028 1185 1056 Oscense
1205 1032 1235 1055 et
1252 1028 1392 1057 Jaecense
1414 1030 1483 1065 imp.

190 1065 441 1101 Caesaraugustae
468 1065 549 1093 1505.
576 1066 607 1093 O.
634 1080 669 1084 —
694 1066 778 1093 Brev.
804 1065 998 1099 Majoricense
1023 1067 1091 1102 imp.
1117 1066 1250 1094 venetiis
1278 1064 1359 1094 1506.
1384 1067 1422 1094 1).
1446 1082 1485 1087 -

188 1103 272 1130 Brev.
295 1103 470 1131 Celsonense
494 1105 563 1140 imp.
585 1103 831 1139 Caesaraugustae
860 1101 941 1131 1514.
965 1104 1001 1131 E.
1024 1118 1056 1122 —
1078 1103 1160 1130 Brev.
1181 1103 1395 1132 Barcinonense
1415 1105 1484 1140 imp.

188 1141 370 1168 Barcinonae
396 1139 478 1169 1540.
504 1142 536 1168 F.
565 1155 601 1159 --
626 1141 711 1168 Brev.
739 1141 897 1176 Sigenense
919 1143 988 1176 imp.
1014 1140 1262 1176 Caesaraugustae
1289 1140 1370 1170 1547.
1393 1142 1427 1169 G.
1448 1156 1485 1161 ——

186 1178 271 1205 Brev.
285 1178 445 1206 Illerdense
463 1180 532 1214 imp.
554 1187 596 1205 ea.
620 1176 700 1206 1533.
715 1179 752 1206 Η.
774 1193 810 1197 -—
831 1178 857 1211 5,
880 1177 894 1205 1
910 1179 1000 1212 Quasi
1021 1179 1138 1206 clausae
1156 1179 1257 1206 matris
1277 1182 1358 1206 utero
1376 1178 1432 1207 CG.
1447 1195 1484 1200 —-

187 1213 213 1249 5,
233 1213 252 1241 2
270 1216 364 1244 Natus
379 1219 488 1253 pastus.
513 1216 571 1244 AF.

612 1317 675 1348 227.
716 1316 758 1349 De
778 1317 884 1348 sancto
906 1316 1057 1348 Gabriele.

706 1393 754 1422 Ad
773 1393 962 1423 Nocturnum.

190 1471 219 1503 1.
246 1470 393 1502 Exsultet
412 1479 495 1502 nunc
520 1471 660 1511 ecclesia,
863 1473 894 1504 4.
921 1471 1052 1504 Omnino
1077 1473 1137 1503 iste
1160 1471 1306 1504 laudibus

246 1517 405 1550 Gabrielis
429 1518 606 1558 archangeli
923 1518 1044 1560 Dignus
1068 1521 1118 1550 est,
1141 1522 1174 1550 et.
1196 1519 1328 1558 laetitia,

248 1564 355 1597 Gratis
379 1573 474 1604 agens
499 1566 659 1605 solemnia,
921 1566 979 1605 Qui
1003 1569 1092 1598 tanta
1117 1566 1156 1597 de
1181 1566 1366 1598 coelestibus

245 1610 335 1643 Nihil
360 1611 529 1644 admittens
554 1612 704 1645 scandali.
918 1612 1020 1644 Nobis
1046 1611 1110 1644 fert
1131 1612 1296 1647 beneficia.

188 1679 219 1710 2.
245 1676 310 1708 Hie
332 1681 381 1709 est.
400 1678 521 1717 legatus
544 1678 670 1719 nobilis,
865 1679 897 1712 5.
920 1678 1007 1718 Ergo
1030 1678 1194 1710 laudemus
1213 1687 1349 1719 propere

248 1724 342 1764 Cujus
366 1728 475 1757 sancta
498 1725 612 1765 legatio
919 1725 1021 1763 Hune,
1048 1726 1100 1766 qui
1125 1730 1173 1757 est
1197 1726 1276 1758 coeli
1300 1727 1461 1766 speculum

247 1772 361 1803 Mortis
384 1771 625 1804 interminabilis
923 1771 1035 1812 Corde,
1061 1781 1138 1805 voce
1164 1776 1195 1803 et
1219 1782 1314 1814 opere

245 1818 345 1851 Nobis
371 1819 431 1851 fuit
455 1820 571 1852 evasio.
921 1821 1136 1859 Aspernantes
1160 1821 1220 1852 hoe
1244 1821 1412 1853 saeculum.

187 1887 218 1918 3.
244 1885 307 1918 Hie
329 1883 483 1918 fortitudo
509 1886 633 1926 dicitur,
867 1886 898 1919 6.
923 1886 1007 1918 Laus
1030 1886 1099 1919 Deo
1122 1887 1164 1918 sit
1188 1889 1218 1918 et
1242 1888 1343 1927 gloria

246 1933 305 1971 Qui
329 1931 492 1965 fortiorem
515 1933 641 1964 nuntiat
925 1934 987 1966 Pro
1013 1932 1160 1966 Gabriele
1184 1935 1304 1977 angelo,

245 1980 379 2021 Mariae,
402 1989 460 2019 per
484 1988 575 2020 quem
601 1980 736 2012 vincitur
925 1979 1020 2020 Cujus
1046 1981 1146 2013 duleis
1168 1983 1320 2015 memoria

247 2027 353 2067 Satan,
380 2036 471 2068 quem
498 2028 596 2060 Orous
623 2028 751 2061 cruciat.
924 2026 1092 2060 Exaltetur
1114 2029 1148 2060 in
1172 2029 1280 2069 gloria.

262 2103 347 2130 BreV.
374 2110 428 2129 ms.
448 2103 665 2130 Barcinonense
689 2109 764 2129 saec.
793 2099 835 2128 15.
857 2101 926 2129 Cod.
948 2102 1041 2138 Capit.
1060 2103 1160 2130 Vicen.
1185 2103 1257 2131 CIX.
1278 2105 1312 2132 A.
1340 2120 1372 2123 —
1399 2105 1484 2133 Brev.

184 2140 402 2168 Tarraconense
426 2141 496 2177 imp.
522 2140 704 2167 Bareinonae
732 2137 813 2167 1484.
833 2140 866 2167 Β.
891 2154 922 2159 —
946 2140 1029 2167 Brev.
1050 2140 1176 2168 Oseenso
1201 2144 1232 2169 et.
1249 2141 1391 2171 Jaeeense
1414 2144 1485 2179 imp.

187 2176 434 2215 Caesaraugustae
465 2176 546 2206 1505.
574 2177 604 2205 C.
630 2192 666 2197 —
693 2179 777 2206 Brev.
804 2177 996 2213 Majoricense
1023 2179 1090 2214 imp.
1116 2179 1248 2208 venetiis
1278 2178 1358 2209 1506.
1384 2182 1421 2209 D.
1447 2196 1484 2201 —

185 2215 269 2244 Brev.
290 2216 466 2244 Celsonense
490 2217 559 2252 imp.
581 2216 832 2251 Caesaraugustae
860 2213 941 2244 1514.
961 2216 996 2243 E.
1021 2231 1056 2236 —
1078 2217 1161 2245 Erev.
1181 2218 1395 2248 Barcinonense
1414 2220 1484 2257 imp.

185 2253 366 2282 Barcinonae
392 2252 473 2283 1540.
499 2254 532 2282 F.
559 2268 598 2272 -—
623 2256 706 2282 Brev.
735 2253 895 2291 Sigenense
920 2256 988 2290 imp.
1014 2253 1260 2293 Caesaraugustae
1287 2255 1367 2285 1547.
1388 2257 1422 2287 G.
1447 2274 1486 2279 —

185 2290 271 2320 Brev.
290 2293 450 2321 Illerdense
468 2295 536 2329 imp.
558 2300 602 2319 ea.
618 2290 700 2320 1533.
714 2291 753 2319 H.
768 2306 804 2311 —-
827 2291 852 2327 1,
874 2290 890 2319 1
909 2292 1066 2321 Exsultent
1078 2301 1157 2321 nune
1171 2295 1310 2323 eoelestia
1323 2295 1357 2332 1³3
1377 2296 1485 2325 Exsul-

185 2331 227 2356 tet
244 2331 378 2359 coelestis
401 2333 483 2359 curia
501 2332 540 2359 H.
563 2345 599 2349 —
620 2330 645 2364 5,
666 2329 686 2358 4
705 2331 880 2366 Spei-nentes
898 2331 954 2359 hoe
974 2332 1121 2359 saeculum
1141 2333 1228 2361 ΑΒΗ.
1250 2347 1287 2353 -—
1308 2332 1331 2370 6,
1351 2333 1372 2362 4
1389 2335 1482 2363 Exal-

186 2370 265 2396 tetur
284 2370 317 2396 in
334 2370 410 2397 coeli
428 2370 503 2397 solio
524 2369 563 2396 H.
