1651 2518
695 113 949 149 —107—

443 210 474 241 2.
500 209 592 241 Celsa
615 212 646 241 te
670 210 768 241 virtus
793 209 925 241 rutilans
949 210 1080 249 serenet,

497 256 614 288 Rector
637 259 783 288 aeternus
805 257 934 289 visitans
952 258 1109 295 perornet,

497 303 605 342 Omne,
632 304 714 343 quod
736 303 876 343 prodest,
903 303 1029 336 veniens
1053 301 1211 333 ministret

545 349 650 381 Noxia
674 352 785 382 nasset.

442 434 473 465 3.
499 433 658 473 Quidquid
684 436 732 465 est
758 442 875 473 verum,
901 433 1002 473 pietas
1027 432 1171 464 honestet

498 480 657 520 Quidquid
683 484 732 512 est
751 482 879 523 Justum,
904 480 1070 512 moderans
1095 480 1247 517 venustet,

498 527 658 567 Quidquid
682 532 731 559 est
755 530 906 567 sanctum,
932 527 1092 567 gratulans
1118 529 1254 567 coronet,

547 573 684 606 Sordida
706 574 846 607 mundet.

441 660 472 690 4.
499 658 548 690 Sit
571 659 640 690 Deo
664 659 749 698 patri
775 659 870 690 decus
895 660 989 697 atque
1012 660 1096 699 nato,

500 705 635 745 Spiritus
659 706 734 736 almi
756 706 877 745 pariter
903 705 1018 746 decori,

499 752 572 784 Una
595 753 743 791 majestas
768 754 858 792 regat
878 754 910 783 et
933 751 1087 791 gubernet

546 799 614 830 Nos
639 799 730 830 simul
756 807 872 831 omnes.

242 872 327 899 Brev.
355 870 606 908 Calagum-itanum
635 874 664 899 et
688 872 869 900 Caleiatense
893 873 963 907 imp,
982 872 1131 899 Lucronii.
1160 869 1240 899 1543.
1260 871 1295 897 A.
1327 884 1357 888 -
1379 870 1465 897 Brev.

168 909 353 937 Cordubense
373 911 441 946 imp.
461 910 580 945 Hispali
603 908 684 937 1524.
706 911 737 937 Β.
758 924 795 929 -—
813 909 859 937 Ad
878 910 993 937 Laudes
1014 909 1046 936 B.
1067 923 1104 927 —
1125 907 1151 943 2,
1174 907 1188 935 1
1210 909 1324 936 serenat
1342 907 1401 934 AB.
1423 922 1459 926 —

167 945 232 1011 &⁰2
240 949 389 1011 ἕξοι-ηπ
401 948 434 974 A.
512 946 537 980 2,
559 945 576 974 3
596 949 743 974 ministrat
755 947 787 974 A.
807 962 847 966 —
864 945 891 980 2,
905 945 924 974 4
946 949 1042 974 cassat
1053 946 1087 973 A.
1104 961 1139 962 ff
1160 944 1177 968 ⁹-
1207 945 1220 973 1
1243 955 1304 981 sqq.
1325 945 1460 972 honestat

552 1122 606 1153 161.
646 1122 688 1153 De
708 1130 731 1153 s.
752 1121 905 1153 Dominico
925 1120 1105 1152 Exsiiicnsi.

718 1206 765 1236 Ad
784 1206 910 1236 Laudes.

175 1298 204 1329 1.
231 1297 374 1335 Hymnus
400 1300 543 1329 cantetur
566 1297 660 1328 hodie
850 1297 881 1329 3.
908 1296 1003 1334 Cujus
1029 1303 1122 1327 curae
1148 1294 1350 1327 committitur

233 1343 357 1375 Christo
382 1344 449 1384 regi
472 1344 654 1383 melodicus,
905 1342 964 1374 Dei
989 1341 1098 1374 matris
1121 1342 1263 1381 ecclesia,

230 1391 268 1422 In
294 1390 381 1429 cujus
406 1391 479 1422 aula
502 1391 621 1430 g1oriae
907 1389 968 1420 Per
992 1398 1062 1420 eum
1084 1399 1156 1421 mox
1180 1388 1321 1420 reficitur

229 1438 301 1470 Jam
323 1437 439 1476 jubilat
464 1438 655 1469 Dominicus.
905 1436 949 1467 Et
973 1434 1184 1468 reformantur
1208 1435 1321 1468 omnia.

176 1523 208 1555 2.
233 1522 315 1561 Vita,
341 1522 448 1561 verbo,
473 1522 626 1562 prodigiis
852 1523 882 1554 4.
913 1521 1044 1554 Carnem
1071 1523 1198 1554 domare
1223 1521 1344 1553 studuit

232 1568 295 1600 Hic
316 1567 407 1600 fulsit
429 1570 462 1600 in
487 1569 652 1610 Hispania,
907 1569 1019 1599 Mundi
1047 1568 1207 1600 declinans
1232 1568 1361 1607 scelera,

234 1615 330 1647 Bonis
355 1616 489 1648 vacabat
512 1617 624 1648 studiis
908 1614 961 1646 Sic
984 1615 1073 1654 vixit,
1099 1616 1181 1646 sicut
1206 1615 1321 1654 docuit,

232 1662 296 1693 Hic
320 1670 443 1701 semper
467 1663 507 1694 ab
531 1661 678 1695 infantia.
904 1661 1018 1694 Verbis
1038 1662 1231 1694 concordans
1256 1670 1361 1701 opera.

569 1738 598 1770 5.
624 1737 722 1776 Patri,
747 1740 832 1776 nato,
857 1736 1010 1776 paraclito

623 1783 738 1823 Decus,
763 1784 863 1815 honor
888 1786 920 1814 et
943 1783 1052 1823 gloria,

624 1830 843 1870 Dominicique
866 1830 978 1862 merito

625 1877 688 1909 Det
711 1878 801 1909 nobis
828 1877 969 1909 Christus
993 1877 1117 1917 gaudia.

250 1954 333 1981 Brev.
349 1952 599 1990 Calagum-itanum
622 1955 650 1980 et
665 1952 845 1980 Calciatense
863 1953 931 1987 imp.
943 1952 1081 1980 Lucronii
1097 1950 1178 1980 1543.
1190 1968 1226 1972 —
1241 1952 1296 1980 Cfr.
1313 1953 1467 1981 Sebastian

173 1992 209 2019 de
227 1992 365 2028 Vei-gara,
385 1991 465 2020 Vida
482 2001 502 2026 y
521 1991 662 2027 Milagros
683 1990 718 2017 de
738 1991 764 2018 el
785 1990 1001 2025 Thaumaturgo
1022 1990 1153 2025 Espafiol
1177 2014 1180 2017 .
1204 2014 1210 2017 .
1229 2011 1236 2017 .
1258 1990 1286 2018 S.
1308 1992 1466 2028 Dominigo

170 2030 283 2057 Mauso.
308 2029 423 2057 Madrid
455 2027 539 2063 1736,
572 2038 599 2065 p.
619 2026 691 2064 4533
722 2037 786 2056 aus:
818 2027 969 2062 „Officium
998 2030 1091 2055 saneti
1114 2029 1274 2063 Dominici,
1307 2031 1466 2065 antiquitus

170 2069 287 2095 recitari
314 2068 447 2101 solitum,
475 2067 552 2105 quod
573 2070 603 2095 et
620 2067 714 2094 literis
735 2066 867 2094 Gothicis
888 2067 1036 2093 exaratum
1061 2066 1093 2093 in
1112 2068 1285 2094 monasterio
1306 2067 1466 2095 Exsiliensi

171 2104 363 2133 asservatur.“
400 2106 533 2142 Vei-arga
555 2105 608 2133 hat
632 2113 687 2132 uns
712 2104 788 2132 noch
809 2105 874 2131 eine
891 2104 984 2131 Reihe
1004 2104 1124 2131 auderet
1142 2105 1278 2140 Hymnen
1299 2105 1351 2133 auf
1366 2105 1465 2134 diesen

170 2144 308 2180 Heiligen
328 2144 516 2177 aufbewahrt,
538 2144 631 2171 denen
648 2143 696 2170 ich
716 2142 892 2169 anderw'z'trts
906 2141 987 2169 nicht
994 2142 1137 2178 begegnet
1148 2143 1206 2170 bin.
1240 2143 1300 2171 Der
1316 2143 1466 2171 Ausdrnek

168 2181 261 2210 literis
281 2181 413 2210 Gothicis
433 2184 474 2210 ist
491 2182 672 2217 zweideutig,
693 2180 790 2208 indem
811 2189 841 2207 er
860 2180 971 2207 sowohl
990 2180 1038 2207 die
1051 2188 1073 2207 s.
1087 2190 1112 2217 g.
1129 2180 1229 2217 eckige
1241 2181 1467 2209 M6nchsschrift

168 2221 213 2248 als
238 2220 311 2248 auch
338 2220 384 2247 die
410 2219 632 2256 westgothische
656 2218 895 2254 (mozarabische)
912 2218 1155 2246 Nationalschrift
1180 2219 1355 2247 bezeichnen
1375 2220 1463 2247 kann.

166 2259 218 2286 Ich
249 2258 369 2294 glaube‚
403 2258 467 2286 dass
497 2267 527 2286 er
555 2259 587 2285 in
614 2259 751 2285 ersterem
779 2256 869 2284 Sinne
896 2256 1091 2291 aufzufassen,
1123 2257 1161 2284 da
1187 2257 1238 2284 der
1265 2258 1465 2293 ausgebildetc

167 2297 331 2324 mannliche
344 2296 429 2324 Reim
449 2297 501 2324 auf
519 2298 583 2324 eine,
597 2296 660 2323 Zeit
673 2297 763 2329 weist,
785 2303 828 2322 wo
849 2295 904 2321 mit
922 2294 987 2322 dem
1000 2294 1084 2322 Ritus
1097 2295 1170 2322 auch
1184 2295 1231 2323 die
1245 2296 1464 2324 mozarabisehe

167 2334 277 2362 Schrift
296 2334 524 2362 verschwunden
543 2342 613 2362 war.
634 2350 669 2354 —-
689 2334 743 2361 Bei
761 2334 894 2369 Verarga
908 2332 980 2360 wird
1000 2332 1050 2359 der
1069 2333 1203 2368 Hymnus
1223 2333 1311 2370 Vesp.
1334 2337 1363 2362 et
1380 2335 1464 2363 Noct.

167 2373 315 2409 zugeteilt.
