1651 2518
697 123 953 157 —279—

177 216 209 248 5.
234 216 296 248 Per
320 215 412 255 hunc,
441 216 623 256 redemptor
645 217 789 258 Domine,
849 220 880 253 6.
905 220 1046 259 Praesta,
1068 222 1160 258 pater
1183 221 1334 261 piissime,

234 262 300 294 Nos
325 261 508 294 confitentes
532 266 672 305 protege,
906 266 1055 306 Patrique
1080 276 1206 307 compar
1230 269 1321 299 unice

235 309 301 348 Quo
324 309 471 349 passione
494 310 658 342 vulnerum
907 312 984 345 Cum
1008 313 1122 352 spiritu
1148 315 1314 355 paraclito,

235 356 321 388 Coeli
344 358 487 396 petamus
511 357 665 391 meritum.
907 360 1053 400 Regnans
1078 369 1135 400 per
1160 370 1251 393 omne
1276 363 1443 395 saeculum.

249 421 332 448 Brev.
352 429 405 448 ms.
425 421 591 448 Exsiliense
610 429 685 449 saec.
707 421 751 450 15.
772 422 841 450 Cod.
854 424 994 451 Parisien.
1009 424 1101 452 Nouv.
1124 433 1186 461 aeq.
1205 423 1287 453 2190.
1311 440 1345 444 —
1365 426 1469 453 Dieser

175 458 307 493 Hymnus
327 461 444 486 stammt
463 467 515 486 aus
535 459 599 486 dem
615 459 857 488 Mozarabisehen
875 461 968 488 Ritus.

543 589 611 620 489.
649 590 691 621 De
709 589 855 621 Pluribus
878 588 1112 621 confessoribus.

711 656 759 686 Ad
778 656 932 693 vesperas.

448 724 477 756 1.
504 724 588 756 Laus
615 724 827 757 confessorum
852 727 977 757 resonat
1002 729 1179 758 sanctorum

501 772 587 803 Arce
610 781 722 804 serena
742 773 903 812 gloriaque
927 773 1031 812 plena,

503 819 585 858 Quos
608 820 720 859 agonia
742 820 776 851 in
800 820 861 851 hac
887 820 972 851 vitae
995 820 1048 852 via

546 865 630 897 Mire
654 866 810 906 probavit.

445 922 476 953 2.
502 921 738 963 Misericordes,
763 923 865 963 mites,
891 922 1113 954 mundicordes

502 968 558 1000 Pie
582 969 774 1010 languentes,
799 978 870 1001 reos
898 970 1113 1009 delinquentes

503 1015 645 1048 Christus
670 1017 789 1056 allexit,
815 1025 892 1056 quos
917 1017 1052 1048 mundus
1078 1016 1222 1056 despexit

548 1062 592 1094 Et
615 1064 805 1103 reprobavit.

442 1129 472 1160 3.
498 1129 537 1161 In
561 1130 743 1168 praesulatu
767 1129 893 1169 quidam
919 1129 1013 1170 digno
1037 1131 1131 1170 statu,

501 1175 609 1215 Longo
634 1177 753 1218 labore,
779 1176 915 1216 spiritali
939 1185 1011 1207 rore

500 1221 552 1253 Sic
577 1226 811 1263 concurrerunt,
837 1223 921 1262 quod
944 1228 1186 1262 promeruerunt

545 1269 655 1308 Regna
678 1271 831 1310 polorum.

441 1328 472 1358 4.
501 1325 659 1358 Christum
683 1327 783 1358 secuti
808 1327 847 1358 de
870 1326 1017 1358 mercede
1041 1328 1112 1367 tuti,

499 1372 588 1411 Quod
615 1372 798 1413 docuerunt,
824 1372 908 1405 facto
934 1374 1177 1417 compleverunt,

499 1419 575 1451 Sine
597 1429 746 1452 mucrone
769 1423 943 1460 martyrum
968 1429 1066 1460 agone

544 1466 634 1498 Freti
657 1470 845 1499 sanctorum.

443 1523 473 1555 5.
500 1523 549 1555 Sit,
571 1524 640 1555 laus
663 1524 712 1555 illi
737 1524 880 1555 culminis
901 1523 1075 1563 tranquilli,

500 1570 558 1609 Qui
590 1571 668 1602 coeli
691 1571 796 1602 lumen
818 1573 904 1602 tenet
930 1572 961 1601 et
986 1578 1142 1612 cacumen,

494 1617 599 1649 Vitam
624 1620 656 1649 et
679 1616 771 1649 funus
798 1617 876 1649 dans
902 1620 934 1648 et
957 1617 1041 1649 vitae
1064 1626 1174 1648 munus

543 1664 658 1696 Trinus
684 1668 715 1695 et
738 1674 825 1696 unus.

240 1730 323 1757 Brev.
344 1729 471 1757 Oscense
496 1730 526 1756 et
544 1728 685 1756 Jaecense
710 1730 779 1764 imp.
800 1729 1048 1764 Caesaraugustae
1078 1727 1153 1756 1505,
1185 1742 1221 1747 —·
1245 1726 1271 1762 2,
1300 1727 1320 1756 4
1337 1729 1377 1756 Et
1394 1738 1459 1765 pro—

166 1766 257 1794 havit.
279 1782 314 1786 —
335 1766 363 1802 5,
384 1766 399 1794 1
420 1767 485 1794 laus
505 1766 665 1802 dreisilbig.
686 1781 721 1785 —
743 1765 768 1801 5,
789 1764 806 1792 2
826 1768 905 1793 tenet
924 1767 1077 1793 cntionem.
1098 1782 1134 1786 —
1155 1767 1181 1800 ὲ),
1201 1765 1313 1793 4Dans
1335 1769 1363 1794 et
1374 1775 1458 1793 unus.

528 1895 596 1927 490.
636 1895 679 1927 De
698 1895 842 1927 Pluribus
863 1893 1103 1926 confessoribus.

680 1963 727 1992 Ad
746 1962 935 1992 Nocturnum.

164 2034 195 2068 1.
223 2035 261 2068 In
283 2033 483 2075 perferendis
509 2032 624 2064 eminet
841 2033 871 2064 3.
899 2032 942 2065 Ut
967 2031 1082 2070 quanto
1108 2031 1285 2063 diuturnius

220 2082 389 2114 Fortitudo
416 2080 577 2119 conviciis,
898 2078 1017 2110 Eorum
1041 2078 1132 2109 labor
1153 2078 1265 2118 viguit,

220 2130 274 2162 Sic
299 2128 514 2162 confessorum
538 2127 714 2167 praeminet
898 2125 1000 2157 Tanto
1025 2125 1249 2157 accumulatius

218 2178 329 2211 Virtus
355 2177 422 2210 veri
445 2175 584 2208 indiciis
899 2172 959 2204 His
983 2172 1129 2206 meritum
1151 2172 1357 2213 resplenduit.

161 2236 191 2267 2.
218 2235 289 2276 His,
316 2243 393 2275 quos
417 2233 570 2273 longaevo
594 2233 737 2272 tempore
841 2232 872 2263 4.
902 2229 1049 2261 Viventes
1074 2230 1253 2270 evangelice

220 2282 412 2323 Quotidiana
434 2280 541 2321 passio
901 2275 1047 2309 Perfecta
1070 2277 1233 2318 patientia,

218 2328 355 2370 Affligit,
382 2328 486 2361 carnis
510 2335 605 2359 onere
899 2324 1112 2358 Jucunditatis
1138 2325 1274 2357 coelicae

218 2377 317 2410 Gravi
341 2377 450 2410 studet
472 2375 635 2415 martyrio,
896 2373 993 2405 Prata
1018 2372 1124 2404 colunt
1148 2371 1292 2405 virentia.
