1651 2518
724 117 977 152 -214—

581 207 644 238 373.
683 208 726 238 De
746 214 769 237 s.
789 207 889 238 Maria
907 207 1106 247 Aegyptiaca.

752 273 798 302 Ad
817 272 942 303 Laudes.

873 344 905 375 4.
930 341 994 374 Ubi
1020 351 1132 381 corpus
1156 342 1353 374 Dominicum

932 389 1009 421 Cum
1031 387 1165 420 flexione
1188 398 1322 430 genuum

204 342 232 373 1.
259 341 283 373 Ο
310 350 383 373 vere
407 340 484 373 felix
508 342 633 381 femina,

261 387 450 428 Exemplum
475 389 592 421 donans
619 389 754 428 domina,

260 434 377 467 Ornata
401 436 587 474 virtualiter,
930 436 960 466 A
983 436 1106 467 Zosima
1130 436 1340 468 ministratum

262 481 366 513 Vitam
393 482 519 514 excellis
543 482 709 515 hominum.
932 482 1066 522 Recepit
1088 482 1284 517 beneficium,

202 539 232 569 2.
259 536 432 569 Informata
456 547 475 569 a
499 537 612 577 spiritu
876 541 905 570 5.
932 537 1024 580 Juva,
1051 541 1161 578 mater,
1185 539 1394 581 poenitentes‚

261 584 356 615 Venit
379 585 508 616 honesto
532 584 640 616 habitu
933 584 973 616 Se
997 594 1054 624 pro
1081 585 1182 624 culpis
1208 588 1412 627 conterente5‚

257 631 311 662 Ad
335 630 462 663 fluvium
485 631 685 671 Jordaneum‚
932 632 977 664 Ut
1000 635 1103 663 tecum
1128 640 1252 672 semper
1274 633 1445 673 gaudentes

261 677 311 709 Ibi
338 678 444 710 videre
469 677 644 709 Dominum.
928 677 1014 709 Coeli
1037 678 1183 710 fruantur
1205 680 1318 719 patria.

205 735 236 767 3.
261 734 463 773 integraliter
483 733 634 765 mundata
876 736 906 767 G.
932 733 1072 776 Praesta,
1098 737 1188 773 pater
1211 734 1352 775 piissime

260 779 387 811 Transit
411 778 525 811 flumen
548 779 612 812 fixa
636 789 718 819 aqua
932 781 1081 821 Patrique
1106 790 1232 821 compar
1255 783 1357 823 unice,

263 825 395 866 Suisque
418 827 534 858 sanctis
559 826 716 867 gressibus
933 826 1009 858 Cum
1033 828 1147 868 spiritu
1170 829 1324 868 paraclito

260 872 388 905 Transit
410 873 452 904 ad
476 874 608 905 alterum
632 874 716 906 litus,
931 873 1076 914 Regnans
1101 883 1158 913 per
1182 884 1272 907 omne
1296 876 1462 909 saeculum.

275 936 358 964 Brev.
388 937 574 964 Valentinum
602 938 671 972 imp.
701 937 824 972 Neapoli
856 935 937 965 1489.
963 938 996 965 A.
1029 953 1066 957 —-
1094 938 1178 965 Brev.
1202 939 1390 967 Valentinum
1418 941 1487 977 imp.

204 973 447 1009 Caesuraugustaf
476 973 556 1002 1:03.
584 974 616 1001 B.
642 989 672 993 —
705 976 786 1002 Brev.
814 974 1000 1002 Valentinum
1025 977 1092 1010 imp.
1112 976 1266 1004 valentiae
1294 975 1374 1005 1533.
1396 977 1425 1004 C.
1454 994 1485 997 —

203 1012 284 1039 Brev.
319 1011 384 1038 Ord.
410 1010 438 1038 S.
458 1012 570 1039 Mariae
595 1011 629 1038 de
649 1011 781 1039 Mercede
805 1013 871 1047 imp.
892 1012 1025 1047 Lugduni
1053 1010 1132 1040 1560.
1153 1014 1188 1041 D.
1216 1027 1251 1033 ν-
1277 1013 1309 1048 2,
1338 1013 1355 1043 3
1382 1015 1486 1043 flumen

201 1048 313 1076 Acon.
389 1048 416 1081 5,
435 1046 453 1074 2
471 1049 512 1075 Et
532 1057 584 1085 pro
603 1049 697 1085 culpis
719 1049 830 1076 ABGD.

580 1152 645 1183 374.
683 1153 727 1184 De
746 1161 768 1184 s.
788 1153 886 1185 Maria
905 1153 1095 1194 Aegyptiaca

740 1220 788 1249 Ad
807 1221 960 1258 Vesperas.

207 1290 235 1321 1.
259 1287 379 1330 Lauda,
405 1290 506 1319 mater
531 1288 670 1328 ecclesia,

258 1333 370 1366 Lauda
397 1335 514 1368 Christi
540 1336 745 1375 clementiam,

262 1380 348 1419 Quae
369 1382 554 1421 peccatricis
577 1382 709 1413 vulnera
932 1383 1020 1414 Petit
1042 1385 1192 1424 gemendo
1215 1386 1354 1418 lacrimis

262 1426 391 1459 Guravit
416 1428 519 1460 dando
544 1428 675 1461 veniam.
931 1430 985 1461 Ad
1009 1432 1132 1469 portam
1156 1432 1265 1472 templi
1289 1433 1433 1467 numiniS.

203 1485 233 1515 2.
259 1483 364 1515 Maria
388 1484 465 1515 haec
481 1485 649 1525 Aegyptia,
873 1488 906 1518 4.
932 1485 996 1518 Uni
1019 1486 1087 1518 Deo
1112 1487 1154 1518 sit
1177 1488 1278 1527 gloria

261 1530 346 1568 Quae
370 1534 416 1562 tot
442 1532 594 1563 commisit
619 1531 758 1570 crimina,
931 1532 992 1565 Pro
1017 1532 1202 1565 multiformi
1225 1536 1338 1576 gratia,

261 1577 311 1608 Ab
337 1577 407 1617 ipsa
431 1576 522 1609 fauce
546 1578 658 1610 tartari
932 1579 991 1618 Qui
1016 1581 1124 1620 culpas
1150 1584 1181 1612 et,
1205 1583 1361 1622 supplicia

263 1623 360 1655 Redit
382 1624 422 1656 ad
448 1625 531 1656 vitae
554 1625 672 1657 limina.
932 1626 1078 1658 Remittit
1101 1630 1133 1658 et
1158 1628 1211 1660 dat
1235 1631 1385 1667 praemia.

281 1688 363 1715 BreV.
384 1688 632 1724 Calagum-itanum
653 1691 683 1715 et
702 1688 883 1717 Calciatense
901 1690 969 1725 imp.
989 1691 1128 1718 Lucronii
1149 1689 1229 1720 1543.

880 1291 909 1322 3.
937 1289 1013 1321 Post
1036 1289 1139 1322 fluxae
1160 1291 1262 1323 carnis
1286 1293 1435 1326 scandala

932 1336 1046 1368 Matr1s
1070 1336 1132 1368 Dei
1156 1338 1304 1378 suffragia

581 1792 644 1824 375.
685 1795 728 1826 De
747 1802 771 1825 s.
794 1795 892 1826 Maria
910 1795 1110 1835 Aegyptiaca.

720 1862 769 1891 Ad
787 1865 975 1893 Nocturnum.

205 1929 234 1960 1.
261 1927 345 1970 Jesu‚
374 1928 464 1960 dulce
487 1928 651 1970 refugium,

878 1934 908 1964 2.
935 1931 993 1963 Pia
1016 1933 1116 1963 mater
1140 1935 1172 1963 et
1193 1933 1329 1974 humilis,

262 1973 340 2013 Spes
364 1984 425 2006 una
448 1976 684 2017 poenitentium,

933 1978 1073 2010 Naturae
1095 1987 1213 2012 memor
1236 1979 1369 2021 fragilis,

260 2021 322 2053 Per
345 2022 528 2060 peccatricis
552 2024 697 2055 meritum

260 2068 385 2099 Peccati
407 2069 493 2100 solve
519 2070 668 2102 debitum.

935 2026 973 2057 In
996 2025 1088 2064 hujus
1112 2026 1197 2059 vitae
1220 2026 1367 2060 fluctibus

934 2071 999 2103 Nos
1024 2080 1099 2113 rege
1121 2074 1183 2105 tuis
1207 2075 1364 2114 precibus,

595 2127 626 2158 3.
653 2127 716 2159 Uni
739 2126 807 2159 Deo
832 2129 875 2159 sit
898 2127 999 2168 gloria

651 2174 713 2205 Pro
737 2173 923 2206 multiformi
946 2175 1057 2214 gratia,

651 2221 708 2260 Qui
733 2221 840 2260 culpas
865 2224 897 2253 et
919 2220 1074 2261 supplicia

649 2267 794 2299 Remittit
818 2271 849 2299 et
873 2269 927 2301 dat
951 2269 1099 2307 praemia.

276 2327 359 2355 Brev.
384 2328 636 2364 Calagum-itanum
665 2333 693 2358 et
717 2332 899 2360 Oalciatense
926 2333 995 2368 imp.
1022 2334 1161 2360 Luci-onii
1187 2332 1267 2362 1543.
1295 2351 1333 2356 —
1360 2336 1388 2371 1,
1414 2336 1432 2364 2
1451 2339 1492 2366 Et

202 2372 268 2400 spes
285 2366 503 2399 poenitentium.
