1651 2518
706 103 958 138 -199-..

180 196 212 227 3.
238 196 333 228 Hunc
357 196 501 228 Christus
526 201 712 231 evocaverat
857 201 889 233 4.
914 200 1000 239 Jesu,
1025 200 1158 238 precatu
1181 197 1295 229 Lazari

238 242 327 274 Atris
352 243 391 275 ab
417 244 517 276 antris
540 244 661 288 inferis,
914 247 979 278 Nos
1003 247 1103 277 morte
1127 253 1253 284 pressos
1279 245 1393 286 exeita,

239 289 331 322 Vitae
354 292 465 330 potens
490 292 630 324 restituit
914 292 960 325 Ut
982 296 1015 324 te
1041 300 1186 324 canamus
1208 292 1333 331 limpidi

239 336 488 375 Quatriduanum
511 337 675 373 foetidum.
914 339 1044 371 Trinum
1068 339 1167 371 Deum
1193 347 1251 378 per
1275 339 1414 370 saecula.

255 401 340 429 Brev.
363 402 550 430 Valentinum
568 405 637 439 imp.
661 405 816 432 Valentiae
839 401 919 432 1533.

615 522 683 554 344.
723 524 765 555 De
785 522 890 553 sancto
912 523 1039 554 Lazaro.

697 589 745 619 Ad
765 588 953 619 Nocturnum.

181 656 212 688 1.
239 657 385 698 Surgant,
410 660 577 698 resurgant
600 659 726 698 mortui,
859 659 888 690 3.
918 657 971 689 Sic
995 658 1059 689 vita
1082 666 1140 688 nos
1166 657 1331 696 custodiat,

238 705 399 745 Linquant
425 704 527 736 cubile
551 706 681 747 torpidi,
915 704 960 736 Ut
983 707 1084 736 morte
1109 713 1191 735 mors
1216 713 1278 735 non
1302 705 1471 745 opprimat,

238 752 305 791 Qua
328 753 510 784 triduanum
535 753 668 784 suscitat
915 752 976 784 Sed
1004 760 1072 783 oum
1096 751 1187 783 beato
1212 751 1334 782 Lazaro

236 799 266 830 A
292 802 392 831 morte
415 799 482 830 vita
503 798 667 831 Lazarum.
915 798 1006 830 Vitae
1031 797 1172 830 fruamur
1195 806 1333 830 munere.

179 857 211 887 2.
238 854 332 887 Fletu
356 863 480 888 sorores
505 855 629 894 lugubri
857 856 888 886 4.
914 855 1002 894 Jesu‚
1024 857 1154 894 precatu
1179 854 1292 886 Lazari

237 902 382 945 Attritio,
410 902 570 942 contricio,
916 901 982 933 Nos
1007 903 1108 933 morte
1131 909 1257 940 pressos
1283 901 1395 943 excita,

237 948 345 980 Jesum
370 951 548 989 precentur,
576 949 690 981 excitet
917 948 961 980 Ut
983 951 1016 980 te
1041 957 1186 980 canamus
1211 948 1335 987 limpidi

238 995 390 1029 Nostrum
414 995 582 1035 sepulchro
608 996 763 1035 spiritum.
918 995 1048 1026 Trinum
1072 994 1172 1027 Deum
1197 1003 1255 1034 per
1279 996 1412 1026 saecula.

253 1056 337 1082 Brev.
356 1055 546 1083 Valentinum
567 1056 636 1090 imp.
656 1055 809 1082 Valentiae
831 1051 912 1081 1533.

614 1172 681 1204 345.
720 1173 764 1204 De
784 1172 889 1203 sancto
910 1172 1037 1203 Lazaro.

671 1240 720 1269 Ad
741 1239 829 1277 Vesp.
851 1242 880 1269 et
899 1239 984 1269 Noct.

178 1314 209 1346 1.
234 1314 348 1346 Lazari
374 1313 489 1346 festum
515 1313 641 1345 Domini
854 1314 885 1346 4.
911 1312 1017 1344 Morte
1041 1312 1181 1343 secunda
1205 1313 1340 1344 moriens

234 1361 341 1393 Laetis
367 1369 514 1393 canamus
538 1360 678 1400 vocibus,
909 1359 1025 1391 Mortis
1052 1359 1169 1391 devicit
1193 1360 1291 1390 aciem

232 1408 314 1440 Dein
339 1409 406 1448 ejus
431 1407 579 1447 obsequio
911 1405 1089 1446 Christique
1113 1406 1223 1437 laudes
1247 1406 1413 1446 proferens

232 1455 403 1487 Exsultent
428 1455 524 1486 corda
548 1453 705 1486 laudibus.
907 1454 1080 1484 Aeternam
1104 1452 1172 1484 adit
1195 1454 1344 1493 requiem.

175 1513 205 1544 2.
232 1512 347 1543 Mortis
372 1515 554 1551 peremptor
578 1509 730 1541 Dominus
852 1511 882 1541 5.
909 1510 992 1550 Agni
1017 1509 1158 1541 rubentis
1183 1511 1335 1549 sanguine

231 1558 368 1592 Mortem
395 1558 537 1590 devinxit
558 1557 683 1595 Lazari,
908 1555 1059 1588 Perfusus
1084 1559 1204 1596 martyr
1229 1556 1364 1589 Domino

234 1605 329 1643 Quem
356 1605 484 1637 donavit
510 1604 670 1643 divinitus,
911 1602 952 1634 Se
978 1603 1137 1635 dedicavit
1160 1604 1254 1635 hodie

233 1652 283 1683 Ne
306 1653 466 1693 perderet,
493 1659 583 1691 quem
605 1650 754 1682 condidit.
909 1651 1034 1690 Agnum
1058 1658 1092 1682 se
1117 1650 1195 1681 dans
1216 1651 1380 1684 altissimo.

175 1710 205 1741 3.
231 1709 388 1741 Lacrimis
412 1706 516 1739 fusum
540 1707 687 1747 gaudium
853 1707 883 1738 6.
912 1706 1021 1738 Gloria
1045 1706 1115 1747 tibi,
1140 1705 1284 1747 Domine,

230 1756 358 1788 Amoris
385 1756 440 1788 dat
463 1755 599 1794 insignia
911 1756 972 1785 Pro
997 1753 1110 1786 Lazari
1137 1753 1279 1795 victoria,

231 1804 408 1843 Mortisque
435 1802 513 1834 dans
539 1801 682 1832 exsilium
914 1800 1011 1838 Quem
1037 1799 1150 1832 fortem
1173 1801 1206 1832 in
1233 1803 1412 1844 certamine,

230 1852 283 1883 Ad
308 1851 412 1890 prima
436 1849 520 1881 redit
543 1848 668 1889 gaudia.
910 1847 1042 1879 Beatum
1068 1847 1124 1880 das
1148 1848 1180 1878 in
1205 1849 1315 1888 gloria.

247 1915 351 1943 Officia
377 1923 429 1942 ms.
455 1922 531 1941 saec.
561 1911 603 1940 16.
626 1912 685 1940 Cot]
706 1912 814 1940 Semin.
835 1912 996 1940 Geruuden.
1017 1910 1099 1940 2309.
1127 1927 1161 1931 -—
1190 1911 1215 1945 2,
1246 1911 1264 1939 2
1289 1914 1406 1942 devixit.

171 1952 197 1987 3,
222 1952 236 1981 1
257 1954 347 1981 sulum
369 1952 516 1989 gaudium.

610 2072 676 2103 346.
716 2072 760 2103 De
780 2071 886 2102 sancto
907 2071 1035 2103 Lazaro.

722 2139 771 2169 Ad
790 2139 914 2169 Laudes.

168 2216 198 2249 1.
226 2214 353 2247 Laudes
377 2221 558 2253 promamus
582 2211 679 2243 hodie
850 2212 882 2242 2.
908 2210 980 2242 Jam
1004 2209 1147 2251 possidet
1171 2210 1322 2242 divinitus

226 2264 331 2295 Amici
359 2259 475 2293 Christi
500 2259 625 2300 Lazari,
908 2259 1048 2290 Aeterna
1074 2256 1191 2289 Christi
1214 2267 1354 2301 munera,

225 2311 323 2350 Quem
351 2307 478 2342 vocavit
499 2316 556 2339 rex
582 2307 701 2347 gloriae
911 2306 973 2337 Per
996 2306 1085 2338 illum
1111 2305 1206 2337 donet
1228 2306 1380 2340 Dominus

224 2358 275 2390 Ad
303 2364 430 2389 coenam
457 2355 528 2395 agni
553 2354 689 2394 providi.
909 2353 1008 2385 Beata
1033 2352 1122 2386 nobis
1146 2353 1269 2394 gaudia.
