1651 2518
752 118 1004 152 -210-—

681 228 746 259 364.
782 227 823 257 De
843 228 948 259 sancto
967 228 1077 259 lllarco.

770 293 818 323 Ad
838 294 991 331 Vesper-as.

240 363 269 394 1.
296 362 424 401 Plaude,
451 362 543 394 turba
565 361 713 402 fidelium,
910 366 941 396 5.
967 362 1083 395 Divina
1106 371 1257 402 spargens
1282 362 1409 402 semina,

294 409 394 440 Marci
420 418 550 449 poscens
575 409 764 449 suffragium,
965 409 1074 441 Hostis
1100 410 1283 449 dispergens
1308 409 1432 449 agmina

296 455 388 494 Cujus
413 458 575 496 praestant
598 455 748 487 solemnia
967 456 1034 488 Tuo
1059 454 1156 487 fultus
1182 455 1314 497 eloquio,

291 502 420 534 Beata
448 502 570 533 nobis
592 503 756 542 gaudia.
964 503 1255 543 Jesu,nostra
1273 503 1519 542 redemptio,

240 560 269 589 2.
295 557 358 589 Sub
382 559 509 590 leonina
532 559 637 597 specie
909 561 939 592 6.
961 558 1103 591 Tandem
1126 559 1241 598 ligatus
1266 558 1410 599 trabitur,

297 605 389 636 Illum
417 605 558 644 designat
582 605 721 646 proprie,
965 607 1001 638 In
1028 613 1183 636 carcerem
1208 605 1391 647 recluditur,

296 649 357 690 Qui
382 651 481 683 fracto
506 652 615 683 mortis
639 659 765 682 carcere
965 652 1160 691 Recepturus
1182 655 1255 691 post
1279 652 1411 684 verbera

290 697 437 730 Victor
461 699 602 737 surgit
627 698 674 729 de
690 697 847 731 funere.
964 700 1153 731 Aeterna
1169 698 1333 731 Christi
1356 709 1519 735 munera.

239 754 269 785 3.
296 753 391 785 Sacro
416 755 546 786 docente
569 752 696 786 fiamine
907 757 936 787 ’7.
963 754 1106 787 Eductus
1131 753 1205 786 fune
1229 755 1394 794 stringitur

294 800 392 831 Tuum
417 802 500 832 claro
526 801 696 832 dictamine
962 801 1006 833 Et
1029 802 1076 832 sic
1099 811 1157 840 pro
1184 800 1307 834 Christo
1331 803 1474 845 moritur,

293 847 469 887 Descripsit
495 849 698 888 evangelium,
963 847 1055 880 Nunc
1078 851 1190 888 regnat
1211 849 1244 880 in
1271 849 1465 889 coelestibus,

296 893 480 933 Christe,
507 894 750 934 redemptor
775 903 847 925 om·
962 895 1170 927 Exsultet
1204 896 1360 927 coelum
1385 897 1519 929 laudi-

621 951 641 972 n
650 942 691 972 iu
701 949 741 972 m.
1296 942 1315 973 b
1326 952 1346 973 u
1355 953 1380 974 s.

237 996 268 1028 4.
295 996 392 1026 Tuam
418 996 550 1035 adeptus
575 998 706 1036 gratiam
906 1000 938 1031 8.
966 998 1060 1036 Cujus
1084 999 1215 1029 sacratis
1238 998 1384 1038 precibus

293 1042 436 1074 Perrexit
460 1043 696 1082 Alexandriam,
966 1045 1083 1086 Caecis,
1111 1045 1241 1085 claudis,
1268 1045 1485 1084 languentibus

291 1088 336 1120 Ut
359 1092 545 1121 vocarentur
567 1089 682 1128 perfidi
966 1090 1081 1123 Confer
1104 1092 1258 1123 medelam
1284 1093 1455 1133 vulnerum,

290 1136 351 1167 Ad
369 1144 537 1168 coenam
555 1137 848 1177 agniprovidi.
966 1138 1172 1170 Conditor
1197 1140 1302 1170 alme
1326 1140 1519 1172 siderum.

623 1194 655 1225 9.
682 1192 730 1224 Sit
753 1193 831 1234 laus,
854 1193 957 1232 decus,
983 1195 1133 1234 potentia,

678 1239 797 1279 Honor,
823 1240 923 1271 virtus
947 1244 978 1272 et
1002 1241 1102 1280 gloria

679 1286 777 1325 Patri,
803 1289 877 1318 nato
901 1296 969 1318 cum
993 1285 1120 1318 flamine

674 1333 705 1364 A
729 1333 836 1363 solis
861 1336 979 1365 ortus
1005 1335 1189 1368 cardine.

305 1393 393 1421 Psalt.
420 1403 471 1421 ms.
492 1395 633 1423 Oculense
665 1404 739 1423 saec.
762 1394 805 1423 14.
830 1396 897 1424 Cod.
919 1398 1004 1425 Arch.
1025 1398 1091 1425 Nat.
1110 1399 1257 1426 Matriten.
1279 1399 1310 1426 Β.
1331 1397 1413 1427 3—4.
1433 1400 1467 1427 A.
1487 1414 1523 1419 —

231 1430 315 1457 Brev.
337 1431 403 1459 Ord.
425 1432 453 1460 S.
473 1432 577 1459 Jacobi
609 1433 644 1460 de
664 1430 754 1469 Spata
775 1435 843 1470 imp.
863 1435 993 1470 Legione
1014 1433 1094 1462 1532.
1114 1436 1147 1462 Β.
1169 1451 1177 1455 -
1226 1435 1252 1468 1,
1274 1434 1292 1462 2
1311 1437 1402 1464 Marci
1421 1440 1523 1473 potens

230 1465 266 1498 (1.-
287 1470 386 1503 petens
395 1467 420 1504 ?)
440 1470 472 1497 B.
556 1468 580 1503 1,
601 1468 618 1498 3
638 1473 767 1506 praestat
784 1472 816 1499 B.
839 1488 874 1491 —
894 1470 920 1506 8,
941 1470 959 1500 3
980 1472 1121 1499 medelam
1142 1475 1269 1501 omnium
1291 1475 1323 1501 B.

670 1598 736 1631 365.
776 1600 819 1631 De
838 1601 944 1631 sancto
965 1601 1075 1632 Marco.

749 1666 797 1695 Ad
816 1666 1003 1696 Nocturnum-

235 1730 266 1761 1.
292 1730 413 1762 Haeres
438 1732 559 1763 aeterni
582 1733 716 1773 luminis,
907 1738 937 1769 3.
963 1736 1159 1775 Recepturus
1183 1738 1342 1769 aureolam

289 1777 410 1818 Marce,
436 1778 562 1810 virtutis
586 1781 756 1819 speculum,
965 1783 1052 1815 Coeli
1076 1785 1258 1816 conscendit
1282 1785 1427 1826 culmina,

292 1824 388 1862 Quam
416 1826 571 1866 degustas,
600 1827 774 1859 dulcedinis
963 1829 1089 1861 Laudat
1111 1831 1205 1862 tellus
1230 1831 1399 1871 agricolam

291 1871 391 1903 Nobis
416 1872 550 1911 propina
573 1875 730 1912 poculum.
961 1876 1054 1907 Vitae
1078 1880 1242 1916 reportans
1267 1879 1396 1913 semina.

232 1927 263 1958 2.
290 1927 353 1958 Hic
378 1931 425 1959 est
448 1929 585 1970 Marcus,
612 1931 665 1969 qui
688 1932 802 1962 meruit
905 1934 935 1965 4.
961 1933 1044 1964 Dum
1069 1942 1126 1972 pro
1151 1936 1193 1973 te,
1218 1934 1351 1974 Christe,
1378 1937 1518 1980 moritur,

290 1974 371 2005 Esse
392 1983 506 2015 praeco
528 1976 679 2017 Justitiae,
964 1979 1070 2011 Vicem
1097 1989 1156 2018 pro
1181 1981 1250 2013 vice
1273 1982 1424 2025 reddidit,

290 2020 385 2058 Quem
410 2031 466 2054 rex
491 2023 633 2055 coelestis
657 2024 761 2056 induit
960 2025 1032 2058 Tibi
1055 2035 1147 2065 passo
1164 2028 1351 2068 compatitur

290 2067 378 2100 Stola
401 2070 548 2108 perennis
573 2071 701 2111 gloriae.
959 2073 1003 2104 Et
1023 2082 1081 2111 pro
1106 2076 1138 2105 te
1161 2083 1230 2107 sese
1254 2076 1397 2109 tradidit.

621 2129 652 2159 5.
677 2127 725 2159 Sit
745 2128 812 2167 regi
832 2128 914 2160 trino
940 2129 1049 2168 gloria,

676 2174 770 2216 Lana
798 2174 892 2206 decus
918 2178 949 2206 et
970 2176 1146 2219 imperium,

675 2220 734 2259 Qui
757 2221 901 2254 Marcum
924 2223 965 2254 ad
991 2223 1139 2255 coelestia

674 2268 828 2299 Perduxit
850 2272 921 2308 post
945 2270 1140 2309 martyrium.

302 2327 391 2355 Psalt.
417 2337 469 2357 ms.
489 2329 631 2358 Oculense
655 2340 729 2359 saec,
760 2330 802 2360 14.
825 2332 892 2360 Cod.
912 2334 997 2361 Areh.
1016 2333 1083 2361 Nat.
1103 2335 1249 2364 Matriten.
1269 2337 1302 2364 Β.
1322 2336 1405 2366 3-4,
1425 2341 1459 2368 A.
1484 2357 1518 2360 —

229 2364 311 2390 Brev.
333 2365 399 2393 Ord.
420 2367 448 2394 S.
469 2366 573 2395 Jacobi
593 2368 628 2395 de
647 2368 737 2405 Spata
757 2371 825 2406 imp.
845 2371 975 2407 Legione
996 2369 1076 2399 1532.
1096 2372 1130 2399 B.
