1651 2518
759 125 1011 160 —246-—

513 222 545 252 2.
571 219 705 252 Coelesti
729 219 806 251 solio
832 219 950 251 civibus
975 218 1111 251 aetheris

571 266 641 298 Stat
666 274 769 298 coram
792 266 926 298 Domino
951 266 984 297 in
1007 265 1077 305 vice
1098 265 1224 306 sideris,

570 313 658 352 Quod
683 313 808 353 sparsit,
832 313 956 352 recipit,
974 306 1093 344 semina

617 359 769 391 Concesso
792 360 853 391 sibi
877 358 1015 391 foenore.

512 446 543 478 3.
566 444 628 476 Hic
652 445 760 476 vivens
784 444 880 475 viruit
902 453 964 476 non
988 443 1049 474 sibi
1071 444 1226 484 subditus,

568 491 748 523 Mundanus
772 490 824 521 hic
848 489 910 522 fuit
932 490 1037 522 labilis
1061 490 1197 531 habitus,

570 537 725 577 Des-‚pexit
747 537 873 576 penitus
897 538 960 569 ista
981 536 1149 579 superflua,

616 585 709 616 Nunc
735 584 849 615 dantur
872 585 961 616 lucra
987 584 1103 616 debita.

513 670 545 700 4.
571 668 623 699 Ad
649 669 736 707 cujus
761 668 911 699 tumulum
936 667 1081 700 morbida
1106 677 1238 708 corpora

573 715 730 747 Curantur
753 714 856 746 subito
881 715 962 746 visui
985 714 1121 754 reddita,

573 760 687 793 Caecos
713 760 875 801 clarificat,
900 769 1042 800 nexaque
1065 761 1172 801 lingua

617 808 797 840 Sermonem
825 811 932 848 stupet
955 807 1083 842 editum,

519 895 549 925 5.
574 892 727 924 Auditum
751 895 881 931 reparat
903 891 1102 932 membraque
1125 893 1283 933 languida,

571 938 753 971 Contractos
778 939 889 979 elevat,
916 939 1049 970 carceris
1074 939 1154 970 ostia

570 986 704 1026 Frangit
728 988 760 1016 et
783 986 886 1024 aperit
908 985 1012 1017 ferrea
1035 986 1169 1026 vincula,

618 1033 765 1072 Captivos
789 1032 897 1064 reddit
920 1033 962 1065 ad
986 1041 1051 1065 sua.

517 1118 547 1150 6.
570 1117 658 1148 Haec
682 1126 755 1156 ergo
780 1117 914 1148 modulis
938 1116 1020 1149 festa
1043 1117 1212 1149 sacerrima

572 1164 634 1196 Per
659 1163 808 1196 mundum
834 1164 971 1195 celebret
993 1163 1083 1202 plebs
1107 1164 1161 1203 pia
1184 1163 1304 1202 sedula,

571 1210 637 1242 Nos
661 1211 753 1250 hujus
778 1211 923 1250 precibus
950 1210 1066 1242 coelica
1089 1211 1213 1250 gaudia,

616 1258 775 1289 Poscimus
800 1257 902 1297 simul,
925 1257 1058 1297 ingredi.

514 1342 544 1373 7.
570 1341 594 1374 O
620 1342 753 1381 simplex
778 1341 888 1380 deitas,
911 1349 1023 1383 annue,
1045 1341 1209 1384 poscimus,

572 1388 623 1419 Da
644 1389 734 1420 nobis
759 1388 890 1430 veniam,
917 1398 987 1420 nam
1012 1389 1094 1419 male
1117 1389 1260 1427 viximus,

572 1435 725 1475 Purgatos
750 1434 834 1466 vitiis
857 1434 994 1468 transfer
1019 1435 1061 1466 ad
1084 1435 1221 1476 aethera,

616 1482 764 1514 vivamus
788 1482 847 1513 tibi
871 1491 928 1521 per
954 1481 1066 1514 saecla.

318 1575 409 1603 Psalt.
434 1583 488 1602 ms.
507 1574 634 1602 Rotense
653 1577 722 1603 amn·
741 1573 821 1602 1191.
843 1575 911 1602 Cod.
933 1574 1025 1611 Capit.
1044 1574 1178 1602 Illerden.
1202 1573 1243 1602 11.
1265 1575 1298 1601 A.
1319 1590 1357 1594 ——
1375 1575 1458 1602 Brev.
1481 1584 1532 1603 ms.

243 1613 396 1640 Illerdensfl
425 1613 493 1640 anni
515 1610 595 1639 1451.
618 1612 684 1639 Cod.
707 1612 799 1648 Capit.
821 1612 954 1640 Illerden.
975 1622 997 1640 s.
1020 1621 1048 1639 n.
1071 1613 1104 1639 B.
1128 1628 1161 1631 —
1182 1613 1264 1640 Brev.
1285 1612 1443 1640 nim-dense
1463 1614 1531 1649 imp.

243 1650 367 1678 Illerdae
396 1647 476 1678 1479.
504 1649 534 1676 C.
554 1664 590 1668 —
611 1651 694 1677 Brev.
714 1650 873 1678 Illerdense
898 1651 966 1686 imp.
993 1658 1034 1676 ca.
1066 1648 1138 1678 1533
1157 1650 1193 1678 D.
1217 1666 1219 1670 ·
1275 1648 1299 1682 1,
1326 1648 1343 1676 2
1368 1652 1481 1678 retinet.
1503 1652 1533 1679 C.

243 1686 269 1721 2,
292 1686 306 1714 1
329 1688 469 1716 aethereis
489 1687 524 1714 D.
545 1703 584 1707 —
604 1685 629 1721 2,
651 1686 668 1714 2
687 1687 795 1715 sederis
815 1688 848 1715 A.
869 1704 905 1708 —
925 1686 951 1721 2,
971 1686 989 1716 3
1009 1696 1107 1715 semen
1127 1688 1160 1714 A.
1181 1703 1217 1707 —
1239 1689 1264 1720 2,
1287 1686 1307 1715 4
1327 1689 1422 1715 sinoro
1444 1689 1476 1715 A.
1498 1703 1533 1708 —-

243 1723 269 1761 3,
299 1723 313 1752 1
335 1725 366 1752 Si
392 1727 493 1753 vivens
519 1726 611 1752 viruit
628 1726 663 1752 A.
690 1740 725 1744 -—
744 1723 771 1758 4,
792 1723 810 1751 2
829 1727 895 1753 visu
919 1725 947 1752 C.
973 1744 994 1747 -
1024 1724 1051 1758 4,
1072 1723 1089 1753 3
1108 1726 1211 1761 lingua
1233 1726 1390 1762 dreisilbig.
1414 1741 1448 1744 ——
1469 1725 1495 1757 5,
1516 1725 1534 1753 ‘3

244 1763 348 1790 hostia.
371 1763 429 1791 CD.
456 1778 493 1782 —
512 1762 539 1796 7,
561 1760 575 1790 1
597 1764 691 1790 anime
711 1764 895 1799 poposcimus
917 1763 947 1791 C.
1026 1762 1053 1796 7,
1075 1762 1094 1790 4
1113 1764 1231 1790 saecula
1251 1762 1309 1790 CD.

651 1939 718 1970 429.
757 1938 800 1969 De
821 1941 926 1970 saneto
946 1938 1124 1971 Raimundo.

765 2024 812 2052 Ad
831 2024 1020 2054 Nocturnum.

248 2110 277 2143 1.
304 2109 508 2149 Raimundus‚
535 2112 643 2148 pastor
667 2110 776 2150 bonus,
920 2113 950 2143 2.
978 2111 1002 2143 Ο
1029 2110 1121 2141 beate
1145 2111 1330 2153 Raimunde‚

352 2156 457 2189 Hodie
480 2157 638 2199 coelestia,
1026 2156 1122 2189 Clara
1144 2166 1267 2197 gemma.
1288 2159 1478 2199 praesulum,

306 2202 373 2235 Deo
400 2204 521 2243 dignus,
544 2202 620 2234 felix
644 2204 767 2243 pignuS,
978 2204 1037 2241 Qui
1061 2212 1119 2242 pro
1144 2205 1210 2235 vita
1232 2206 1422 2243 repromissa

351 2249 477 2281 Transit
503 2249 543 2281 ad
568 2250 695 2293 palatia,
1024 2250 1094 2281 Hoc
1117 2252 1263 2289 sprevisti
1289 2253 1456 2297 saeculum,

305 2297 404 2328 Prece
430 2296 516 2335 quus
540 2297 648 2328 mundi
673 2297 765 2336 hujus
981 2296 1054 2329 Una.
1076 2299 1179 2328 tecum
1204 2307 1262 2337 per
1284 2301 1316 2329 te
1339 2308 1492 2332 summum

351 2343 572 2381 Dirumpamus
596 2344 686 2377 retia.
1025 2342 1190 2382 Capiamus
1215 2344 1378 2379 ferculum.
