1651 2518
700 95 951 130 —241—

618 205 688 236 420.
727 206 770 237 De
790 207 895 237 sancto
912 206 1028 238 Pontio.

696 282 744 311 Ad
762 282 951 312 Nocturnum.

178 360 210 392 1.
234 359 326 391 Mille
351 368 421 390 eum
446 359 545 391 Roma
566 361 632 399 jam
656 360 765 400 globos
853 361 885 394 3.
910 360 993 392 Nam
1017 368 1086 391 cum
1109 360 1142 390 in
1166 359 1276 390 aethra
1298 358 1444 398 gaudeat,

237 406 379 437 Haberet
404 408 492 437 actus
518 415 636 440 annuos
912 408 1010 440 Omne
1034 415 1092 446 per
1115 406 1251 437 saeclum
1276 405 1389 447 radiat,

234 453 446 492 Imperatores
473 453 627 492 Quiritum
909 455 1008 485 Artus
1033 453 1124 484 humo
1150 453 1206 484 sub
1232 451 1333 485 abditi

234 500 362 531 Almum
390 499 479 531 duxit
504 501 545 532 ad
570 501 738 532 lavacrum.
910 501 997 532 Dant
1019 499 1110 532 fessis
1135 509 1223 539 spem
1248 499 1389 533 remedii.

176 567 207 598 2.
233 565 320 597 Vicit
344 573 460 605 poenas
487 569 517 597 et
540 566 673 606 belluaS,
852 568 885 600 4.
909 567 1034 599 Divinis
1059 573 1132 605 ergo
1157 564 1303 597 laudibus

234 612 346 645 Illatas
373 614 587 655 contumelias,
910 613 1026 645 Noster
1052 612 1114 643 ciat
1138 612 1220 643 hune
1241 611 1395 654 modulus,

234 659 400 699 Tyrannos
425 662 519 699 atque
543 660 689 693 zabulum
911 660 1020 691 Noxae
1044 659 1097 698 qui
1121 659 1219 698 pellat
1246 658 1381 690 dedecus

235 706 393 746 Receptus
418 706 531 738 throno
555 709 738 746 martyrum.
911 706 1056 739 Videndo
1081 709 1204 738 nostros
1229 705 1371 746 gemitus.

570 776 600 807 5.
628 773 652 805 Ο
678 775 869 813 propagator
893 773 1016 812 patriae

628 819 761 860 Jamque
785 822 910 851 senator
934 819 1061 859 gloriae,

630 867 746 898 Tecum
771 866 822 898 fac
847 868 879 897 et
900 875 957 898 nos
981 863 1103 905 perfrui

628 913 725 945 Sedes
750 913 832 954 regis
856 913 1004 945 aetherei.

249 978 333 1006 Brev.
359 987 411 1006 ms.
437 979 615 1006 Pinnatense
639 986 713 1005 saec.
741 976 783 1005 14.
810 978 849 1004 in.
879 977 947 1005 Cod.
975 976 1131 1005 Seorialen.
1158 986 1178 1012 g
1203 977 1237 1003 IV
1272 973 1316 1002 29.
1395 972 1425 1007 1,
1449 971 1469 1001 4

175 1015 291 1043 Almum
309 1016 394 1043 duxit
411 1015 466 1043 Hs·
486 1030 523 1034 -——
542 1015 570 1050 4,
590 1013 608 1043 2
628 1017 705 1043 sciat
722 1016 776 1043 Hs.

612 1142 673 1173 421.
712 1144 755 1174 De
774 1143 879 1174 sancto
901 1142 1018 1174 Pontio.

721 1221 770 1250 Ad
788 1220 914 1250 Laudes.

541 1300 572 1332 1.
599 1299 743 1331 consona
767 1297 857 1338 plebs
876 1298 991 1337 jubilet
1015 1297 1158 1337 Domino,

599 1345 657 1384 Qui
682 1346 763 1385 regit
787 1345 890 1377 omnia
911 1346 983 1384 jure
1007 1353 1073 1383 suo,

598 1392 728 1423 Pontius
752 1390 835 1424 hun'c
861 1392 953 1431 canit,
980 1391 1086 1423 eximii

599 1439 742 1479 Agminis
768 1438 907 1471 aetherei
928 1439 1014 1470 socii.

542 1526 572 1557 2.
600 1523 770 1555 Stemmate
794 1523 847 1563 qui
869 1526 955 1554 satus
981 1522 1113 1563 egregio,

600 1570 719 1609 Utpote
739 1570 889 1610 sanguine
913 1570 1074 1610 Romuleo,

599 1616 741 1649 Obtinuit
764 1616 883 1648 meritis
909 1625 1048 1656 operum,

600 1664 816 1703 Multiplicare
837 1663 905 1702 poli
927 1672 1099 1695 numerum.

541 1751 571 1782 3.
595 1747 690 1780 Hunc
714 1749 787 1788 quia
810 1748 858 1779 vis
881 1748 1010 1780 inimica
1036 1748 1085 1779 sui

603 1795 800 1828 Praesoierat
825 1797 919 1834 caput
939 1796 1036 1836 exitii,

603 1843 742 1875 Perdere
768 1845 802 1874 ut
822 1842 959 1883 genitrix
983 1843 1091 1885 voluit,

598 1891 629 1923 A
652 1899 731 1922 nece
753 1890 811 1922 sed
834 1892 927 1929 pater
952 1889 1076 1930 eripuit.

536 1978 568 2011 4.
593 1977 729 2017 Postque
751 1977 890 2015 vocatur,
915 1979 950 2007 ut
970 1976 1149 2008 innumeros

594 2024 656 2056 Per
676 2024 837 2056 lavacrum
861 2023 956 2054 vehat
979 2024 1020 2055 ad
1045 2032 1185 2064 superos,

594 2071 656 2104 Hic
682 2071 814 2103 dominis
840 2071 931 2102 docet
953 2070 1079 2110 imperii

596 2118 696 2151 Ferre
720 2127 816 2150 suave
837 2117 945 2158 jugum
969 2117 1054 2150 fidei.

537 2207 568 2239 5.
595 2204 648 2238 Sic
672 2212 729 2244 per
754 2213 824 2236 eum
850 2203 943 2235 decus
968 2203 1119 2235 ecelesiae

594 2252 763 2292 Splenduit
786 2251 925 2291 undique
950 2251 1131 2292 catholicae,

595 2300 756 2340 Terraque
782 2298 914 2332 delubra
937 2298 1083 2331 tartareis

592 2347 776 2388 Disperiere
801 2346 905 2380 dicata
930 2346 1000 2380 diis.

225 2408 350 2437 Dreves,
369 2408 503 2437 Hymnodia
517 2407 634 2431 Hiberica.
1264 2399 1297 2428 16
