<?xml version="1.0" encoding="UTF-8"?>
<!DOCTYPE html PUBLIC "-//W3C//DTD XHTML 1.0 Transitional//EN"
    "http://www.w3.org/TR/xhtml1/DTD/xhtml1-transitional.dtd">
<html xmlns="http://www.w3.org/1999/xhtml" xml:lang="en" lang="en">
 <head>
  <title>
</title>
<meta http-equiv="Content-Type" content="text/html;charset=utf-8" />
  <meta name='ocr-system' content='tesseract 3.04.00' />
  <meta name='ocr-capabilities' content='ocr_page ocr_carea ocr_par ocr_line ocrx_word'/>
</head>
<body>
  <div class='ocr_page' id='page_1' title='image "./analectahymnica16drevuoft_00229.png"; bbox 0 0 1651 2518; ppageno 0'>
   <div class='ocr_carea' id='block_1_1' title="bbox 755 117 1011 150">
    <p class='ocr_par' dir='ltr' id='par_1_1' title="bbox 755 117 1011 150">
     <span class='ocr_line' id='line_1_1' title="bbox 755 117 1011 150; baseline 0 0"><span class='ocrx_word' id='word_1_1' title='bbox 755 117 1011 150; x_wconf 83' lang='lat'>-226-</span> 
     </span>
    </p>
   </div>
   <div class='ocr_carea' id='block_1_2' title="bbox 632 210 1131 383">
    <p class='ocr_par' dir='ltr' id='par_1_2' title="bbox 632 210 1131 383">
     <span class='ocr_line' id='line_1_2' title="bbox 632 210 1131 252; baseline -0.002 -8"><span class='ocrx_word' id='word_1_2' title='bbox 632 214 662 244; x_wconf 85' lang='lat'>7.</span> <span class='ocrx_word' id='word_1_3' title='bbox 689 212 807 252; x_wconf 86' lang='lat' dir='ltr'>Honor,</span> <span class='ocrx_word' id='word_1_4' title='bbox 835 210 938 250; x_wconf 83' lang='lat' dir='ltr'>decus,</span> <span class='ocrx_word' id='word_1_5' title='bbox 963 211 1131 249; x_wconf 84' lang='lat' dir='ltr'>imperium</span> 
     </span>
     <span class='ocr_line' id='line_1_3' title="bbox 689 257 1040 297; baseline -0.009 -7"><span class='ocrx_word' id='word_1_6' title='bbox 689 257 738 290; x_wconf 88' lang='lat' dir='ltr'>Sit</span> <span class='ocrx_word' id='word_1_7' title='bbox 761 257 896 289; x_wconf 82' lang='lat' dir='ltr'>trinitati</span> <span class='ocrx_word' id='word_1_8' title='bbox 920 258 1040 297; x_wconf 84' lang='lat' dir='ltr'>unicae,</span> 
     </span>
     <span class='ocr_line' id='line_1_4' title="bbox 690 303 1076 344; baseline -0.005 -8"><span class='ocrx_word' id='word_1_9' title='bbox 690 303 788 344; x_wconf 87' lang='lat' dir='ltr'>Patri,</span> <span class='ocrx_word' id='word_1_10' title='bbox 814 306 896 343; x_wconf 81' lang='lat' dir='ltr'>nato,</span> <span class='ocrx_word' id='word_1_11' title='bbox 923 304 1076 343; x_wconf 77' lang='lat' dir='ltr'>paraclito</span> 
     </span>
     <span class='ocr_line' id='line_1_5' title="bbox 689 349 1060 383; baseline 0 0"><span class='ocrx_word' id='word_1_12' title='bbox 689 351 752 383; x_wconf 85' lang='lat' dir='ltr'>Per</span> <span class='ocrx_word' id='word_1_13' title='bbox 776 349 900 382; x_wconf 83' lang='lat' dir='ltr'>infinita</span> <span class='ocrx_word' id='word_1_14' title='bbox 924 350 1060 383; x_wconf 86' lang='lat' dir='ltr'>saecula.</span> 
     </span>
    </p>
   </div>
   <div class='ocr_carea' id='block_1_3' title="bbox 239 420 1536 570">
    <p class='ocr_par' dir='ltr' id='par_1_3' title="bbox 239 420 1536 570">
     <span class='ocr_line' id='line_1_6' title="bbox 315 420 1536 458; baseline -0.002 -7"><span class='ocrx_word' id='word_1_15' title='bbox 315 424 399 452; x_wconf 85' lang='lat' dir='ltr'>Brev.</span> <span class='ocrx_word' id='word_1_16' title='bbox 428 433 481 452; x_wconf 87' lang='lat' dir='ltr'>ms.</span> <span class='ocrx_word' id='word_1_17' title='bbox 507 425 666 453; x_wconf 75' lang='lat' dir='ltr'>Illerdense</span> <span class='ocrx_word' id='word_1_18' title='bbox 694 432 769 451; x_wconf 87' lang='lat' dir='ltr'>saec.</span> <span class='ocrx_word' id='word_1_19' title='bbox 805 422 847 452; x_wconf 85' lang='lat'>14.</span> <span class='ocrx_word' id='word_1_20' title='bbox 882 423 950 451; x_wconf 87' lang='lat' dir='ltr'>Ood.</span> <span class='ocrx_word' id='word_1_21' title='bbox 979 422 1071 458; x_wconf 83' lang='lat' dir='ltr'>Capit.</span> <span class='ocrx_word' id='word_1_22' title='bbox 1100 423 1234 450; x_wconf 82' lang='lat' dir='ltr'>Illerden.</span> <span class='ocrx_word' id='word_1_23' title='bbox 1263 420 1306 450; x_wconf 80' lang='lat'>12.</span> <span class='ocrx_word' id='word_1_24' title='bbox 1332 423 1364 449; x_wconf 82' lang='lat' dir='ltr'>A.</span> <span class='ocrx_word' id='word_1_25' title='bbox 1392 437 1428 441; x_wconf 93' lang='lat'>-—</span> <span class='ocrx_word' id='word_1_26' title='bbox 1451 422 1536 450; x_wconf 77' lang='lat' dir='ltr'>BreV.</span> 
     </span>
     <span class='ocr_line' id='line_1_7' title="bbox 239 460 1535 496; baseline -0.001 -8"><span class='ocrx_word' id='word_1_27' title='bbox 239 460 398 490; x_wconf 75' lang='lat' dir='ltr'>illerdense</span> <span class='ocrx_word' id='word_1_28' title='bbox 424 464 493 490; x_wconf 84' lang='lat' dir='ltr'>anni</span> <span class='ocrx_word' id='word_1_29' title='bbox 516 460 596 490; x_wconf 83' lang='grc'>1451.</span> <span class='ocrx_word' id='word_1_30' title='bbox 623 463 691 490; x_wconf 63' lang='lat' dir='ltr'>(jod.</span> <span class='ocrx_word' id='word_1_31' title='bbox 714 461 807 496; x_wconf 71' lang='lat' dir='ltr'>Capit.</span> <span class='ocrx_word' id='word_1_32' title='bbox 827 461 962 489; x_wconf 83' lang='lat' dir='ltr'>Illerden.</span> <span class='ocrx_word' id='word_1_33' title='bbox 982 469 1004 489; x_wconf 81' lang='lat' dir='ltr'>s.</span> <span class='ocrx_word' id='word_1_34' title='bbox 1024 469 1053 487; x_wconf 88' lang='lat' dir='ltr'>n.</span> <span class='ocrx_word' id='word_1_35' title='bbox 1074 460 1107 487; x_wconf 91' lang='lat' dir='ltr'>B.</span> <span class='ocrx_word' id='word_1_36' title='bbox 1129 475 1158 480; x_wconf 87' lang='lat'>-—-</span> <span class='ocrx_word' id='word_1_37' title='bbox 1186 460 1269 488; x_wconf 82' lang='lat' dir='ltr'>Brev.</span> <span class='ocrx_word' id='word_1_38' title='bbox 1289 460 1448 488; x_wconf 84' lang='lat' dir='ltr'>Illerdense</span> <span class='ocrx_word' id='word_1_39' title='bbox 1467 461 1535 495; x_wconf 87' lang='lat' dir='ltr'>imp.</span> 
     </span>
     <span class='ocr_line' id='line_1_8' title="bbox 239 495 1536 534; baseline 0 -9"><span class='ocrx_word' id='word_1_40' title='bbox 239 498 364 526; x_wconf 85' lang='lat' dir='ltr'>Illerdae</span> <span class='ocrx_word' id='word_1_41' title='bbox 390 497 470 526; x_wconf 84' lang='lat'>1479.</span> <span class='ocrx_word' id='word_1_42' title='bbox 492 499 521 527; x_wconf 83' lang='lat' dir='ltr'>C.</span> <span class='ocrx_word' id='word_1_43' title='bbox 542 514 580 519; x_wconf 77' lang='lat'>-—</span> <span class='ocrx_word' id='word_1_44' title='bbox 598 500 681 526; x_wconf 78' lang='lat' dir='ltr'>Brev.</span> <span class='ocrx_word' id='word_1_45' title='bbox 699 499 858 526; x_wconf 82' lang='lat' dir='ltr'>Illerdense</span> <span class='ocrx_word' id='word_1_46' title='bbox 880 500 948 534; x_wconf 87' lang='lat' dir='ltr'>imp.</span> <span class='ocrx_word' id='word_1_47' title='bbox 976 505 1018 526; x_wconf 79' lang='lat' dir='ltr'>ca.</span> <span class='ocrx_word' id='word_1_48' title='bbox 1041 495 1121 525; x_wconf 84' lang='lat'>1533.</span> <span class='ocrx_word' id='word_1_49' title='bbox 1143 497 1179 524; x_wconf 93' lang='lat' dir='ltr'>D.</span> <span class='ocrx_word' id='word_1_50' title='bbox 1200 513 1237 517; x_wconf 96' lang='lat'><strong>—</strong></span> <span class='ocrx_word' id='word_1_51' title='bbox 1255 497 1286 532; x_wconf 87' lang='lat'>4,</span> <span class='ocrx_word' id='word_1_52' title='bbox 1315 495 1333 524; x_wconf 89' lang='lat'>4</span> <span class='ocrx_word' id='word_1_53' title='bbox 1352 497 1536 525; x_wconf 75' lang='lat' dir='ltr'>Submersam</span> 
     </span>
     <span class='ocr_line' id='line_1_9' title="bbox 242 535 847 570; baseline 0.003 -7"><span class='ocrx_word' id='word_1_54' title='bbox 242 544 317 563; x_wconf 82' lang='lat' dir='ltr'>anne</span> <span class='ocrx_word' id='word_1_55' title='bbox 337 536 368 564; x_wconf 75' lang='lat' dir='ltr'>G.</span> <span class='ocrx_word' id='word_1_56' title='bbox 389 551 425 556; x_wconf 85' lang='lat'>-—</span> <span class='ocrx_word' id='word_1_57' title='bbox 445 535 471 570; x_wconf 87' lang='lat'>5,</span> <span class='ocrx_word' id='word_1_58' title='bbox 491 536 511 564; x_wconf 94' lang='lat'>4</span> <span class='ocrx_word' id='word_1_59' title='bbox 527 536 643 565; x_wconf 83' lang='lat' dir='ltr'>Muneri</span> <span class='ocrx_word' id='word_1_60' title='bbox 663 537 795 565; x_wconf 82' lang='lat' dir='ltr'>Christus</span> <span class='ocrx_word' id='word_1_61' title='bbox 816 537 847 565; x_wconf 78' lang='lat' dir='ltr'>O.</span> 
     </span>
    </p>
   </div>
   <div class='ocr_carea' id='block_1_4' title="bbox 680 662 1103 695">
    <p class='ocr_par' dir='ltr' id='par_1_4' title="bbox 680 662 1103 695">
     <span class='ocr_line' id='line_1_10' title="bbox 680 662 1103 695; baseline -0.007 0"><span class='ocrx_word' id='word_1_62' title='bbox 680 663 745 695; x_wconf 82' lang='grc'>401.</span> <span class='ocrx_word' id='word_1_63' title='bbox 784 664 827 695; x_wconf 88' lang='lat' dir='ltr'>De</span> <span class='ocrx_word' id='word_1_64' title='bbox 847 664 955 694; x_wconf 82' lang='lat' dir='ltr'>sancta</span> <span class='ocrx_word' id='word_1_65' title='bbox 975 662 1103 694; x_wconf 81' lang='lat' dir='ltr'>Martha.</span> 
     </span>
    </p>
   </div>
   <div class='ocr_carea' id='block_1_5' title="bbox 244 740 1312 775">
    <p class='ocr_par' dir='ltr' id='par_1_5' title="bbox 244 740 1312 775">
     <span class='ocr_line' id='line_1_11' title="bbox 244 740 1312 775; baseline -0.003 -1"><span class='ocrx_word' id='word_1_66' title='bbox 244 743 274 775; x_wconf 86' lang='lat'>1.</span> <span class='ocrx_word' id='word_1_67' title='bbox 300 741 370 773; x_wconf 80' lang='lat' dir='ltr'>Rex</span> <span class='ocrx_word' id='word_1_68' title='bbox 395 742 552 773; x_wconf 88' lang='lat' dir='ltr'>coelorum</span> <span class='ocrx_word' id='word_1_69' title='bbox 578 745 610 773; x_wconf 94' lang='lat' dir='ltr'>et</span> <span class='ocrx_word' id='word_1_70' title='bbox 633 745 790 774; x_wconf 88' lang='lat' dir='ltr'>terrarum</span> <span class='ocrx_word' id='word_1_71' title='bbox 918 743 950 775; x_wconf 82' lang='lat'>4.</span> <span class='ocrx_word' id='word_1_72' title='bbox 976 741 1125 773; x_wconf 89' lang='lat' dir='ltr'>Visitavit</span> <span class='ocrx_word' id='word_1_73' title='bbox 1149 743 1181 772; x_wconf 88' lang='lat' dir='ltr'>et</span> <span class='ocrx_word' id='word_1_74' title='bbox 1205 740 1312 773; x_wconf 84' lang='lat' dir='ltr'>beavit</span> 
     </span>
    </p>
   </div>
   <div class='ocr_carea' id='block_1_6' title="bbox 245 786 1463 1352">
    <p class='ocr_par' dir='ltr' id='par_1_6' title="bbox 245 786 1463 1352">
     <span class='ocr_line' id='line_1_12' title="bbox 347 786 1392 829; baseline -0.002 -9"><span class='ocrx_word' id='word_1_75' title='bbox 347 789 550 820; x_wconf 83' lang='lat' dir='ltr'>Descendens</span> <span class='ocrx_word' id='word_1_76' title='bbox 575 789 617 821; x_wconf 87' lang='lat' dir='ltr'>ad</span> <span class='ocrx_word' id='word_1_77' title='bbox 640 788 753 829; x_wconf 84' lang='lat' dir='ltr'>infera,</span> <span class='ocrx_word' id='word_1_78' title='bbox 1023 788 1115 820; x_wconf 84' lang='lat' dir='ltr'>Hanc</span> <span class='ocrx_word' id='word_1_79' title='bbox 1139 788 1204 819; x_wconf 90' lang='lat' dir='ltr'>suis</span> <span class='ocrx_word' id='word_1_80' title='bbox 1229 786 1392 828; x_wconf 82' lang='lat' dir='ltr'>funebriis,</span> 
     </span>
     <span class='ocr_line' id='line_1_13' title="bbox 300 835 1354 877; baseline -0.001 -11"><span class='ocrx_word' id='word_1_81' title='bbox 300 835 416 867; x_wconf 86' lang='lat' dir='ltr'>Terras</span> <span class='ocrx_word' id='word_1_82' title='bbox 440 837 560 876; x_wconf 85' lang='lat' dir='ltr'>tenens,</span> <span class='ocrx_word' id='word_1_83' title='bbox 596 845 657 868; x_wconf 93' lang='lat' dir='ltr'>non</span> <span class='ocrx_word' id='word_1_84' title='bbox 682 836 860 877; x_wconf 85' lang='lat' dir='ltr'>relinquens</span> <span class='ocrx_word' id='word_1_85' title='bbox 977 835 1067 877; x_wconf 87' lang='lat' dir='ltr'>Veni,</span> <span class='ocrx_word' id='word_1_86' title='bbox 1090 844 1161 866; x_wconf 86' lang='lat' dir='ltr'>mea</span> <span class='ocrx_word' id='word_1_87' title='bbox 1185 844 1202 866; x_wconf 93' lang='grc' dir='ltr'>ο</span> <span class='ocrx_word' id='word_1_88' title='bbox 1229 835 1354 874; x_wconf 86' lang='lat' dir='ltr'>dilecta,</span> 
     </span>
     <span class='ocr_line' id='line_1_14' title="bbox 348 881 1365 923; baseline -0.003 -8"><span class='ocrx_word' id='word_1_89' title='bbox 348 883 552 923; x_wconf 83' lang='lat' dir='ltr'>Olymporum</span> <span class='ocrx_word' id='word_1_90' title='bbox 575 892 700 923; x_wconf 87' lang='lat' dir='ltr'>supera,</span> <span class='ocrx_word' id='word_1_91' title='bbox 1023 882 1119 914; x_wconf 85' lang='lat' dir='ltr'>Vivas</span> <span class='ocrx_word' id='word_1_92' title='bbox 1143 882 1209 921; x_wconf 83' lang='lat' dir='ltr'>poli</span> <span class='ocrx_word' id='word_1_93' title='bbox 1232 881 1365 922; x_wconf 86' lang='lat' dir='ltr'>gaudiis.</span> 
     </span>
     <span class='ocr_line' id='line_1_15' title="bbox 245 956 1393 997; baseline -0.001 -8"><span class='ocrx_word' id='word_1_94' title='bbox 245 959 276 990; x_wconf 82' lang='lat'>2.</span> <span class='ocrx_word' id='word_1_95' title='bbox 301 956 419 989; x_wconf 82' lang='lat' dir='ltr'>Factus</span> <span class='ocrx_word' id='word_1_96' title='bbox 445 957 538 989; x_wconf 88' lang='lat' dir='ltr'>homo</span> <span class='ocrx_word' id='word_1_97' title='bbox 563 958 710 990; x_wconf 77' lang='lat' dir='ltr'>Marthae</span> <span class='ocrx_word' id='word_1_98' title='bbox 735 958 825 990; x_wconf 87' lang='lat' dir='ltr'>domo</span> <span class='ocrx_word' id='word_1_99' title='bbox 919 959 951 990; x_wconf 87' lang='lat'>5.</span> <span class='ocrx_word' id='word_1_100' title='bbox 976 958 1061 997; x_wconf 80' lang='lat' dir='ltr'>Quae</span> <span class='ocrx_word' id='word_1_101' title='bbox 1085 957 1198 988; x_wconf 79' lang='lat' dir='ltr'>cibasti</span> <span class='ocrx_word' id='word_1_102' title='bbox 1221 960 1252 988; x_wconf 87' lang='lat' dir='ltr'>et</span> <span class='ocrx_word' id='word_1_103' title='bbox 1276 957 1393 996; x_wconf 82' lang='lat' dir='ltr'>potasti</span> 
     </span>
     <span class='ocr_line' id='line_1_16' title="bbox 353 1003 1331 1047; baseline -0.002 -11"><span class='ocrx_word' id='word_1_104' title='bbox 353 1005 499 1043; x_wconf 83' lang='lat' dir='ltr'>Suscepit</span> <span class='ocrx_word' id='word_1_105' title='bbox 522 1005 671 1047; x_wconf 87' lang='lat' dir='ltr'>hospitia,</span> <span class='ocrx_word' id='word_1_106' title='bbox 1024 1003 1091 1035; x_wconf 88' lang='lat' dir='ltr'>Tuo</span> <span class='ocrx_word' id='word_1_107' title='bbox 1114 1011 1164 1035; x_wconf 91' lang='lat' dir='ltr'>me</span> <span class='ocrx_word' id='word_1_108' title='bbox 1186 1003 1331 1044; x_wconf 78' lang='lat' dir='ltr'>hospitio,</span> 
     </span>
     <span class='ocr_line' id='line_1_17' title="bbox 303 1050 1326 1091; baseline -0.001 -9"><span class='ocrx_word' id='word_1_109' title='bbox 303 1051 364 1082; x_wconf 87' lang='lat' dir='ltr'>Pro</span> <span class='ocrx_word' id='word_1_110' title='bbox 390 1059 497 1082; x_wconf 89' lang='lat' dir='ltr'>amore</span> <span class='ocrx_word' id='word_1_111' title='bbox 519 1051 667 1083; x_wconf 83' lang='lat' dir='ltr'>Marthae</span> <span class='ocrx_word' id='word_1_112' title='bbox 691 1060 798 1091; x_wconf 85' lang='lat' dir='ltr'>regum</span> <span class='ocrx_word' id='word_1_113' title='bbox 981 1050 1136 1083; x_wconf 81' lang='lat' dir='ltr'>coronata</span> <span class='ocrx_word' id='word_1_114' title='bbox 1160 1052 1192 1081; x_wconf 92' lang='lat' dir='ltr'>et</span> <span class='ocrx_word' id='word_1_115' title='bbox 1214 1053 1326 1082; x_wconf 83' lang='lat' dir='ltr'>ornata</span> 
     </span>
     <span class='ocr_line' id='line_1_18' title="bbox 353 1096 1315 1138; baseline 0 -10"><span class='ocrx_word' id='word_1_116' title='bbox 353 1097 522 1129; x_wconf 84' lang='lat' dir='ltr'>Dimittens</span> <span class='ocrx_word' id='word_1_117' title='bbox 544 1098 676 1138; x_wconf 83' lang='lat' dir='ltr'>palatia.</span> <span class='ocrx_word' id='word_1_118' title='bbox 1022 1096 1095 1129; x_wconf 87' lang='lat' dir='ltr'>Meo</span> <span class='ocrx_word' id='word_1_119' title='bbox 1120 1096 1163 1128; x_wconf 87' lang='lat' dir='ltr'>sis</span> <span class='ocrx_word' id='word_1_120' title='bbox 1188 1097 1315 1136; x_wconf 81' lang='lat' dir='ltr'>palatio.</span> 
     </span>
     <span class='ocr_line' id='line_1_19' title="bbox 246 1170 1448 1213; baseline -0.002 -8"><span class='ocrx_word' id='word_1_121' title='bbox 246 1174 276 1205; x_wconf 82' lang='lat'>3.</span> <span class='ocrx_word' id='word_1_122' title='bbox 303 1170 405 1210; x_wconf 89' lang='lat' dir='ltr'>Hujus</span> <span class='ocrx_word' id='word_1_123' title='bbox 430 1181 563 1212; x_wconf 85' lang='lat' dir='ltr'>namque</span> <span class='ocrx_word' id='word_1_124' title='bbox 585 1173 640 1211; x_wconf 82' lang='lat' dir='ltr'>pia</span> <span class='ocrx_word' id='word_1_125' title='bbox 663 1181 758 1213; x_wconf 84' lang='lat' dir='ltr'>prece</span> <span class='ocrx_word' id='word_1_126' title='bbox 923 1174 954 1205; x_wconf 89' lang='lat'>6.</span> <span class='ocrx_word' id='word_1_127' title='bbox 979 1171 1064 1212; x_wconf 85' lang='lat' dir='ltr'>Ergo</span> <span class='ocrx_word' id='word_1_128' title='bbox 1089 1171 1218 1204; x_wconf 83' lang='lat' dir='ltr'>Martha</span> <span class='ocrx_word' id='word_1_129' title='bbox 1241 1170 1342 1211; x_wconf 82' lang='lat' dir='ltr'>fulget</span> <span class='ocrx_word' id='word_1_130' title='bbox 1364 1171 1448 1203; x_wconf 83' lang='lat' dir='ltr'>laeta</span> 
     </span>
     <span class='ocr_line' id='line_1_20' title="bbox 351 1218 1351 1258; baseline 0 -9"><span class='ocrx_word' id='word_1_131' title='bbox 351 1218 424 1250; x_wconf 88' lang='lat' dir='ltr'>Pius</span> <span class='ocrx_word' id='word_1_132' title='bbox 449 1219 562 1258; x_wconf 85' lang='lat' dir='ltr'>hospes</span> <span class='ocrx_word' id='word_1_133' title='bbox 585 1218 740 1252; x_wconf 82' lang='lat' dir='ltr'>Lazarum</span> <span class='ocrx_word' id='word_1_134' title='bbox 1026 1219 1063 1250; x_wconf 91' lang='lat' dir='ltr'>In</span> <span class='ocrx_word' id='word_1_135' title='bbox 1089 1222 1218 1250; x_wconf 86' lang='lat' dir='ltr'>aeterna</span> <span class='ocrx_word' id='word_1_136' title='bbox 1241 1218 1351 1258; x_wconf 85' lang='lat' dir='ltr'>gloria,</span> 
     </span>
     <span class='ocr_line' id='line_1_21' title="bbox 304 1263 1463 1307; baseline 0.001 -12"><span class='ocrx_word' id='word_1_137' title='bbox 304 1263 484 1305; x_wconf 82' lang='lat' dir='ltr'>Suscitavit,</span> <span class='ocrx_word' id='word_1_138' title='bbox 510 1266 658 1305; x_wconf 83' lang='lat' dir='ltr'>spoliavit.</span> <span class='ocrx_word' id='word_1_139' title='bbox 981 1267 1045 1304; x_wconf 76' lang='lat' dir='ltr'>Qua</span> <span class='ocrx_word' id='word_1_140' title='bbox 1067 1266 1222 1307; x_wconf 70' lang='lat' dir='ltr'>,iuvemur‚</span> <span class='ocrx_word' id='word_1_141' title='bbox 1248 1268 1284 1297; x_wconf 91' lang='lat' dir='ltr'>ut</span> <span class='ocrx_word' id='word_1_142' title='bbox 1306 1265 1463 1297; x_wconf 85' lang='lat' dir='ltr'>salvemur</span> 
     </span>
     <span class='ocr_line' id='line_1_22' title="bbox 351 1311 1352 1352; baseline 0.002 -9"><span class='ocrx_word' id='word_1_143' title='bbox 351 1311 400 1343; x_wconf 89' lang='lat' dir='ltr'>De</span> <span class='ocrx_word' id='word_1_144' title='bbox 424 1312 528 1344; x_wconf 85' lang='lat' dir='ltr'>anima</span> <span class='ocrx_word' id='word_1_145' title='bbox 551 1313 744 1345; x_wconf 85' lang='lat' dir='ltr'>barathrum.</span> <span class='ocrx_word' id='word_1_146' title='bbox 1027 1312 1064 1343; x_wconf 88' lang='lat' dir='ltr'>In</span> <span class='ocrx_word' id='word_1_147' title='bbox 1092 1313 1217 1352; x_wconf 84' lang='lat' dir='ltr'>Olympi</span> <span class='ocrx_word' id='word_1_148' title='bbox 1239 1311 1352 1352; x_wconf 83' lang='lat' dir='ltr'>patria.</span> 
     </span>
    </p>
   </div>
   <div class='ocr_carea' id='block_1_7' title="bbox 322 1374 963 1413">
    <p class='ocr_par' dir='ltr' id='par_1_7' title="bbox 322 1374 963 1413">
     <span class='ocr_line' id='line_1_23' title="bbox 322 1374 963 1413; baseline 0.002 -11"><span class='ocrx_word' id='word_1_149' title='bbox 322 1374 407 1402; x_wconf 83' lang='lat' dir='ltr'>Brev.</span> <span class='ocrx_word' id='word_1_150' title='bbox 427 1376 620 1404; x_wconf 76' lang='lat' dir='ltr'>Tirasonense</span> <span class='ocrx_word' id='word_1_151' title='bbox 640 1378 708 1413; x_wconf 88' lang='lat' dir='ltr'>imp.</span> <span class='ocrx_word' id='word_1_152' title='bbox 728 1377 860 1405; x_wconf 84' lang='lat' dir='ltr'>Venetiis</span> <span class='ocrx_word' id='word_1_153' title='bbox 882 1375 963 1404; x_wconf 85' lang='lat'>1497.</span> 
     </span>
    </p>
   </div>
   <div class='ocr_carea' id='block_1_8' title="bbox 687 1505 1107 1619">
    <p class='ocr_par' dir='ltr' id='par_1_8' title="bbox 687 1505 1107 1619">
     <span class='ocr_line' id='line_1_24' title="bbox 687 1505 1107 1537; baseline 0.002 -1"><span class='ocrx_word' id='word_1_154' title='bbox 687 1505 755 1536; x_wconf 84' lang='lat'>402.</span> <span class='ocrx_word' id='word_1_155' title='bbox 796 1506 841 1536; x_wconf 84' lang='lat' dir='ltr'>De</span> <span class='ocrx_word' id='word_1_156' title='bbox 863 1506 970 1536; x_wconf 85' lang='lat' dir='ltr'>sancto</span> <span class='ocrx_word' id='word_1_157' title='bbox 990 1505 1107 1537; x_wconf 78' lang='lat' dir='ltr'>Mauro.</span> 
     </span>
     <span class='ocr_line' id='line_1_25' title="bbox 748 1582 1037 1619; baseline -0.003 -8"><span class='ocrx_word' id='word_1_158' title='bbox 748 1582 782 1611; x_wconf 88' lang='lat' dir='ltr'>In</span> <span class='ocrx_word' id='word_1_159' title='bbox 797 1582 885 1619; x_wconf 85' lang='lat' dir='ltr'>Vesp.</span> <span class='ocrx_word' id='word_1_160' title='bbox 907 1584 936 1611; x_wconf 89' lang='lat' dir='ltr'>et</span> <span class='ocrx_word' id='word_1_161' title='bbox 953 1582 1037 1612; x_wconf 87' lang='lat' dir='ltr'>Noct.</span> 
     </span>
    </p>
   </div>
   <div class='ocr_carea' id='block_1_9' title="bbox 251 1658 1341 1703">
    <p class='ocr_par' dir='ltr' id='par_1_9' title="bbox 251 1658 1341 1703">
     <span class='ocr_line' id='line_1_26' title="bbox 251 1658 1341 1703; baseline -0.002 -12"><span class='ocrx_word' id='word_1_162' title='bbox 251 1659 280 1691; x_wconf 88' lang='lat'>1.</span> <span class='ocrx_word' id='word_1_163' title='bbox 307 1659 438 1698; x_wconf 84' lang='lat' dir='ltr'>Plaude,</span> <span class='ocrx_word' id='word_1_164' title='bbox 464 1659 559 1691; x_wconf 86' lang='lat' dir='ltr'>turba</span> <span class='ocrx_word' id='word_1_165' title='bbox 583 1659 787 1703; x_wconf 74' lang='lat' dir='ltr'>terrestrium,</span> <span class='ocrx_word' id='word_1_166' title='bbox 931 1662 962 1694; x_wconf 88' lang='lat'>3.</span> <span class='ocrx_word' id='word_1_167' title='bbox 988 1660 1127 1693; x_wconf 86' lang='lat' dir='ltr'>Abbatis</span> <span class='ocrx_word' id='word_1_168' title='bbox 1152 1658 1341 1691; x_wconf 83' lang='lat' dir='ltr'>venerabilis</span> 
     </span>
    </p>
   </div>
   <div class='ocr_carea' id='block_1_10' title="bbox 252 1706 1477 2052">
    <p class='ocr_par' dir='ltr' id='par_1_10' title="bbox 307 1706 1406 1840">
     <span class='ocr_line' id='line_1_27' title="bbox 308 1706 1348 1746; baseline 0 -10"><span class='ocrx_word' id='word_1_169' title='bbox 308 1706 355 1736; x_wconf 83' lang='lat' dir='ltr'>Te</span> <span class='ocrx_word' id='word_1_170' title='bbox 381 1706 519 1745; x_wconf 84' lang='lat' dir='ltr'>dirigens</span> <span class='ocrx_word' id='word_1_171' title='bbox 544 1707 577 1737; x_wconf 87' lang='lat' dir='ltr'>in</span> <span class='ocrx_word' id='word_1_172' title='bbox 602 1707 734 1746; x_wconf 83' lang='lat' dir='ltr'>gratiam</span> <span class='ocrx_word' id='word_1_173' title='bbox 984 1708 1152 1741; x_wconf 80' lang='lat' dir='ltr'>Benedicti</span> <span class='ocrx_word' id='word_1_174' title='bbox 1175 1706 1348 1745; x_wconf 78' lang='lat' dir='ltr'>discipulus</span> 
     </span>
     <span class='ocr_line' id='line_1_28' title="bbox 311 1752 1334 1793; baseline 0 -10"><span class='ocrx_word' id='word_1_175' title='bbox 311 1752 524 1791; x_wconf 87' lang='lat' dir='ltr'>Supernorum</span> <span class='ocrx_word' id='word_1_176' title='bbox 548 1754 731 1785; x_wconf 84' lang='lat' dir='ltr'>laetantium</span> <span class='ocrx_word' id='word_1_177' title='bbox 983 1754 1068 1793; x_wconf 85' lang='lat' dir='ltr'>Fuit,</span> <span class='ocrx_word' id='word_1_178' title='bbox 1094 1754 1155 1786; x_wconf 87' lang='lat' dir='ltr'>sibi</span> <span class='ocrx_word' id='word_1_179' title='bbox 1179 1753 1334 1789; x_wconf 76' lang='lat' dir='ltr'>amabilis,</span> 
     </span>
     <span class='ocr_line' id='line_1_29' title="bbox 307 1798 1406 1840; baseline 0 -10"><span class='ocrx_word' id='word_1_180' title='bbox 307 1798 361 1830; x_wconf 88' lang='lat' dir='ltr'>Ad</span> <span class='ocrx_word' id='word_1_181' title='bbox 386 1799 487 1832; x_wconf 82' lang='lat' dir='ltr'>sancti</span> <span class='ocrx_word' id='word_1_182' title='bbox 510 1800 615 1831; x_wconf 78' lang='lat' dir='ltr'>Mauri</span> <span class='ocrx_word' id='word_1_183' title='bbox 643 1800 785 1840; x_wconf 88' lang='lat' dir='ltr'>gloriam.</span> <span class='ocrx_word' id='word_1_184' title='bbox 983 1801 1173 1834; x_wconf 88' lang='lat' dir='ltr'>Deserviens</span> <span class='ocrx_word' id='word_1_185' title='bbox 1198 1804 1234 1831; x_wconf 88' lang='lat' dir='ltr'>ut</span> <span class='ocrx_word' id='word_1_186' title='bbox 1258 1799 1406 1832; x_wconf 87' lang='lat' dir='ltr'>famulus.</span> 
     </span>
    </p>

    <p class='ocr_par' dir='ltr' id='par_1_11' title="bbox 252 1873 1477 2052">
     <span class='ocr_line' id='line_1_30' title="bbox 252 1873 1377 1916; baseline 0.001 -11"><span class='ocrx_word' id='word_1_187' title='bbox 252 1875 283 1905; x_wconf 84' lang='lat'>2.</span> <span class='ocrx_word' id='word_1_188' title='bbox 309 1873 346 1905; x_wconf 91' lang='lat' dir='ltr'>In</span> <span class='ocrx_word' id='word_1_189' title='bbox 370 1874 430 1905; x_wconf 87' lang='lat' dir='ltr'>hac</span> <span class='ocrx_word' id='word_1_190' title='bbox 454 1874 536 1905; x_wconf 89' lang='lat' dir='ltr'>valle</span> <span class='ocrx_word' id='word_1_191' title='bbox 559 1873 756 1914; x_wconf 86' lang='lat' dir='ltr'>languedinis</span> <span class='ocrx_word' id='word_1_192' title='bbox 927 1878 958 1909; x_wconf 85' lang='lat'>4.</span> <span class='ocrx_word' id='word_1_193' title='bbox 985 1876 1077 1910; x_wconf 88' lang='lat' dir='ltr'>Orbis</span> <span class='ocrx_word' id='word_1_194' title='bbox 1101 1876 1194 1916; x_wconf 87' lang='lat' dir='ltr'>hujus</span> <span class='ocrx_word' id='word_1_195' title='bbox 1218 1874 1377 1907; x_wconf 88' lang='lat' dir='ltr'>illecebris</span> 
     </span>
     <span class='ocr_line' id='line_1_31' title="bbox 312 1919 1454 1963; baseline 0.002 -13"><span class='ocrx_word' id='word_1_196' title='bbox 312 1919 421 1951; x_wconf 84' lang='lat' dir='ltr'>Carnis</span> <span class='ocrx_word' id='word_1_197' title='bbox 448 1923 606 1952; x_wconf 88' lang='lat' dir='ltr'>contectus</span> <span class='ocrx_word' id='word_1_198' title='bbox 632 1922 730 1960; x_wconf 84' lang='lat' dir='ltr'>pallio</span> <span class='ocrx_word' id='word_1_199' title='bbox 984 1923 1178 1963; x_wconf 86' lang='lat' dir='ltr'>Contemptis</span> <span class='ocrx_word' id='word_1_200' title='bbox 1204 1923 1290 1955; x_wconf 89' lang='lat' dir='ltr'>velut</span> <span class='ocrx_word' id='word_1_201' title='bbox 1314 1925 1454 1953; x_wconf 83' lang='lat' dir='ltr'>stercore</span> 
     </span>
     <span class='ocr_line' id='line_1_32' title="bbox 310 1966 1347 2003; baseline 0.003 -6"><span class='ocrx_word' id='word_1_202' title='bbox 310 1966 458 1998; x_wconf 83' lang='lat' dir='ltr'>Semitam</span> <span class='ocrx_word' id='word_1_203' title='bbox 483 1968 682 1999; x_wconf 88' lang='lat' dir='ltr'>rectitudinis</span> <span class='ocrx_word' id='word_1_204' title='bbox 985 1970 1187 2003; x_wconf 84' lang='lat' dir='ltr'>Gonversatio</span> <span class='ocrx_word' id='word_1_205' title='bbox 1214 1968 1347 2001; x_wconf 86' lang='lat' dir='ltr'>celebris</span> 
     </span>
     <span class='ocr_line' id='line_1_33' title="bbox 311 2012 1477 2052; baseline 0.003 -9"><span class='ocrx_word' id='word_1_206' title='bbox 311 2012 409 2044; x_wconf 86' lang='lat' dir='ltr'>Novit</span> <span class='ocrx_word' id='word_1_207' title='bbox 432 2013 554 2052; x_wconf 84' lang='lat' dir='ltr'>abjecto</span> <span class='ocrx_word' id='word_1_208' title='bbox 580 2014 667 2047; x_wconf 91' lang='lat' dir='ltr'>vitio.</span> <span class='ocrx_word' id='word_1_209' title='bbox 984 2018 1122 2049; x_wconf 88' lang='lat' dir='ltr'>Lucrum</span> <span class='ocrx_word' id='word_1_210' title='bbox 1146 2016 1221 2048; x_wconf 83' lang='lat' dir='ltr'>tulit</span> <span class='ocrx_word' id='word_1_211' title='bbox 1245 2025 1314 2048; x_wconf 88' lang='lat' dir='ltr'>cum</span> <span class='ocrx_word' id='word_1_212' title='bbox 1339 2014 1477 2047; x_wconf 85' lang='lat' dir='ltr'>foenore.</span> 
     </span>
    </p>
   </div>
   <div class='ocr_carea' id='block_1_11' title="bbox 645 2080 1197 2254">
    <p class='ocr_par' dir='ltr' id='par_1_12' title="bbox 645 2080 1197 2254">
     <span class='ocr_line' id='line_1_34' title="bbox 645 2080 1167 2124; baseline 0 -11"><span class='ocrx_word' id='word_1_213' title='bbox 645 2082 674 2113; x_wconf 85' lang='lat'>5.</span> <span class='ocrx_word' id='word_1_214' title='bbox 701 2080 749 2112; x_wconf 86' lang='lat' dir='ltr'>Tu</span> <span class='ocrx_word' id='word_1_215' title='bbox 775 2082 828 2120; x_wconf 89' lang='lat' dir='ltr'>qui</span> <span class='ocrx_word' id='word_1_216' title='bbox 852 2081 1008 2121; x_wconf 81' lang='lat' dir='ltr'>gubernas</span> <span class='ocrx_word' id='word_1_217' title='bbox 1033 2083 1167 2124; x_wconf 86' lang='lat' dir='ltr'>saecula,</span> 
     </span>
     <span class='ocr_line' id='line_1_35' title="bbox 703 2127 1128 2170; baseline 0.002 -12"><span class='ocrx_word' id='word_1_218' title='bbox 703 2127 819 2159; x_wconf 79' lang='lat' dir='ltr'>Triuus</span> <span class='ocrx_word' id='word_1_219' title='bbox 842 2127 928 2161; x_wconf 87' lang='lat' dir='ltr'>Deus</span> <span class='ocrx_word' id='word_1_220' title='bbox 952 2131 985 2159; x_wconf 83' lang='lat' dir='ltr'>et</span> <span class='ocrx_word' id='word_1_221' title='bbox 1006 2128 1128 2170; x_wconf 84' lang='lat' dir='ltr'>unicus,</span> 
     </span>
     <span class='ocr_line' id='line_1_36' title="bbox 705 2174 1197 2215; baseline 0 -9"><span class='ocrx_word' id='word_1_222' title='bbox 705 2174 781 2213; x_wconf 87' lang='lat' dir='ltr'>Fac,</span> <span class='ocrx_word' id='word_1_223' title='bbox 808 2177 843 2206; x_wconf 90' lang='lat' dir='ltr'>ut</span> <span class='ocrx_word' id='word_1_224' title='bbox 865 2176 965 2206; x_wconf 87' lang='lat' dir='ltr'>status</span> <span class='ocrx_word' id='word_1_225' title='bbox 989 2183 1048 2215; x_wconf 85' lang='lat' dir='ltr'>per</span> <span class='ocrx_word' id='word_1_226' title='bbox 1071 2175 1197 2207; x_wconf 86' lang='lat' dir='ltr'>saecula</span> 
     </span>
     <span class='ocr_line' id='line_1_37' title="bbox 702 2219 1129 2254; baseline 0.007 -3"><span class='ocrx_word' id='word_1_227' title='bbox 702 2219 801 2252; x_wconf 87' lang='lat' dir='ltr'>Nobis</span> <span class='ocrx_word' id='word_1_228' title='bbox 828 2222 960 2253; x_wconf 88' lang='lat' dir='ltr'>donetur</span> <span class='ocrx_word' id='word_1_229' title='bbox 985 2221 1129 2254; x_wconf 77' lang='lat' dir='ltr'>coelicus.</span> 
     </span>
    </p>
   </div>
   <div class='ocr_carea' id='block_1_12' title="bbox 254 2285 1546 2400">
    <p class='ocr_par' dir='ltr' id='par_1_13' title="bbox 254 2285 1546 2400">
     <span class='ocr_line' id='line_1_38' title="bbox 331 2285 1546 2322; baseline 0.009 -11"><span class='ocrx_word' id='word_1_230' title='bbox 331 2285 413 2312; x_wconf 74' lang='lat' dir='ltr'>BreV.</span> <span class='ocrx_word' id='word_1_231' title='bbox 433 2294 488 2313; x_wconf 87' lang='lat' dir='ltr'>ms.</span> <span class='ocrx_word' id='word_1_232' title='bbox 508 2286 537 2314; x_wconf 89' lang='lat' dir='ltr'>S.</span> <span class='ocrx_word' id='word_1_233' title='bbox 558 2288 709 2316; x_wconf 81' lang='lat' dir='ltr'>Benedicti</span> <span class='ocrx_word' id='word_1_234' title='bbox 727 2289 934 2318; x_wconf 80' lang='lat' dir='ltr'>Vallisoletani</span> <span class='ocrx_word' id='word_1_235' title='bbox 955 2298 1029 2318; x_wconf 86' lang='lat' dir='ltr'>saec.</span> <span class='ocrx_word' id='word_1_236' title='bbox 1044 2288 1089 2317; x_wconf 86' lang='grc'>14.</span> <span class='ocrx_word' id='word_1_237' title='bbox 1111 2290 1179 2318; x_wconf 84' lang='lat' dir='ltr'>Cod.</span> <span class='ocrx_word' id='word_1_238' title='bbox 1194 2290 1354 2319; x_wconf 67' lang='lat' dir='ltr'>Sem-jalen.</span> <span class='ocrx_word' id='word_1_239' title='bbox 1375 2294 1400 2321; x_wconf 85' lang='lat' dir='ltr'>P</span> <span class='ocrx_word' id='word_1_240' title='bbox 1418 2294 1450 2322; x_wconf 86' lang='grc' dir='ltr'>Π</span> <span class='ocrx_word' id='word_1_241' title='bbox 1471 2293 1496 2322; x_wconf 92' lang='grc'>1.</span> <span class='ocrx_word' id='word_1_242' title='bbox 1511 2310 1546 2314; x_wconf 84' lang='lat'>—</span> 
     </span>
     <span class='ocr_line' id='line_1_39' title="bbox 256 2322 1546 2361; baseline 0.009 -12"><span class='ocrx_word' id='word_1_243' title='bbox 256 2322 316 2349; x_wconf 83' lang='lat' dir='ltr'>Der</span> <span class='ocrx_word' id='word_1_244' title='bbox 339 2323 435 2350; x_wconf 83' lang='lat' dir='ltr'>reiche</span> <span class='ocrx_word' id='word_1_245' title='bbox 466 2324 548 2351; x_wconf 86' lang='lat' dir='ltr'>Reim</span> <span class='ocrx_word' id='word_1_246' title='bbox 574 2325 606 2351; x_wconf 84' lang='lat' dir='ltr'>in</span> <span class='ocrx_word' id='word_1_247' title='bbox 632 2324 664 2360; x_wconf 79' lang='lat'>5,</span> <span class='ocrx_word' id='word_1_248' title='bbox 701 2325 715 2354; x_wconf 88' lang='lat'>1</span> <span class='ocrx_word' id='word_1_249' title='bbox 741 2327 801 2354; x_wconf 87' lang='lat' dir='ltr'>und</span> <span class='ocrx_word' id='word_1_250' title='bbox 827 2326 845 2355; x_wconf 87' lang='lat'><strong>3</strong></span> <span class='ocrx_word' id='word_1_251' title='bbox 874 2328 914 2354; x_wconf 84' lang='lat' dir='ltr'>ist</span> <span class='ocrx_word' id='word_1_252' title='bbox 939 2328 1014 2355; x_wconf 88' lang='lat' dir='ltr'>nach</span> <span class='ocrx_word' id='word_1_253' title='bbox 1040 2328 1095 2354; x_wconf 85' lang='lat' dir='ltr'>den</span> <span class='ocrx_word' id='word_1_254' title='bbox 1120 2328 1261 2356; x_wconf 78' lang='lat' dir='ltr'>Gesetzen</span> <span class='ocrx_word' id='word_1_255' title='bbox 1285 2330 1546 2361; x_wconf 84' lang='lat' dir='ltr'>mittelalterlicher</span> 
     </span>
     <span class='ocr_line' id='line_1_40' title="bbox 254 2359 1359 2400; baseline 0.008 -14"><span class='ocrx_word' id='word_1_256' title='bbox 254 2359 363 2386; x_wconf 68' lang='lat' dir='ltr'>Meti-ik</span> <span class='ocrx_word' id='word_1_257' title='bbox 382 2360 463 2387; x_wconf 86' lang='lat' dir='ltr'>nicht</span> <span class='ocrx_word' id='word_1_258' title='bbox 482 2361 639 2398; x_wconf 67' lang='lat' dir='ltr'>t&#39;ehlerhaft²</span> <span class='ocrx_word' id='word_1_259' title='bbox 661 2363 700 2391; x_wconf 83' lang='lat' dir='ltr'>da</span> <span class='ocrx_word' id='word_1_260' title='bbox 716 2365 835 2392; x_wconf 87' lang='lat' dir='ltr'>saecula</span> <span class='ocrx_word' id='word_1_261' title='bbox 853 2363 879 2400; x_wconf 84' lang='lat'>5,</span> <span class='ocrx_word' id='word_1_262' title='bbox 902 2363 916 2391; x_wconf 89' lang='lat'>1</span> <span class='ocrx_word' id='word_1_263' title='bbox 937 2365 1025 2398; x_wconf 88' lang='lat' dir='ltr'>Welt,</span> <span class='ocrx_word' id='word_1_264' title='bbox 1046 2362 1071 2400; x_wconf 83' lang='lat'>5,</span> <span class='ocrx_word' id='word_1_265' title='bbox 1093 2363 1110 2393; x_wconf 86' lang='lat'><strong>3</strong></span> <span class='ocrx_word' id='word_1_266' title='bbox 1130 2366 1194 2392; x_wconf 89' lang='lat' dir='ltr'>Zeit</span> <span class='ocrx_word' id='word_1_267' title='bbox 1216 2366 1359 2395; x_wconf 87' lang='lat' dir='ltr'>bedeutet.</span> 
     </span>
    </p>
   </div>
  </div>
 </body>
</html>
