1651 2518
719 80 950 114 ...40-

184 180 214 211 3.
241 177 326 215 Quae
349 178 440 217 longo
466 176 657 217 postliminio

245 224 282 256 In
306 223 508 263 compedibus
532 223 636 264 insita,

239 270 290 302 En
314 271 385 310 ipsa
405 271 470 309 jam
494 278 577 301 nunc
598 268 699 300 libera

241 316 437 348 Ferdinandi
459 316 615 355 suppetia.

853 174 885 206 4.
911 172 1098 205 Helisabeth
1123 172 1279 204 consortio

912 219 1063 259 Illiusque
1086 218 1256 256 praesidio,

914 265 1031 305 Quibus
1056 265 1124 297 Deo
1150 273 1241 303 quam
1266 262 1401 296 maximo

914 312 1040 344 Laudes
1067 313 1181 343 dantur
1204 310 1237 342 in
1260 318 1400 342 numero.

632 370 741 402 Gloria
765 369 835 409 tibi,
859 368 1003 400 Domine.

261 437 346 465 Brev.
361 436 623 472 Oompostellanum
642 436 701 470 imp
724 434 897 469 Ulisiponae
913 431 993 460 1497.
1007 433 1042 460 A.
1058 446 1091 450 —
1106 432 1189 459 Brev.
1205 430 1471 466 Compostellanum

182 476 250 510 imp.
271 474 466 502 Salmantieae
490 471 569 500 1569.
590 473 623 500 Β.
644 486 680 491 —-
700 470 725 505 2,
745 470 766 498 4
783 469 909 499 Illiberti
929 471 1070 498 solomine
1089 470 1123 497 A.

540 571 586 601 27.
627 570 661 601 In
678 570 765 601 Festo
784 568 996 601 Exaltationis
1014 567 1108 600 Fidei.

700 635 748 666 Ad
765 636 955 665 Nocturnum.

858 705 888 736 3.
916 704 996 736 Nam
1021 703 1048 735 si
1075 703 1189 735 duliam
1216 702 1402 735 mortalibus

913 750 1030 782 'Nostro
1057 749 1203 781 debemus
1227 752 1377 789 tempore,

246 799 398 830 canamus
421 798 453 829 iu
478 797 601 828 laetitia.
912 796 1018 829 Nullis
1044 797 1183 828 dieamus
1205 798 1319 836 justius

241 845 351 885 Regali
376 853 434 883 pro
459 844 600 876 victoria.
914 843 1089 883 Hesperiae
1113 852 1205 884 quam
1229 843 1364 883 regibus.

185 903 216 933 2.
243 900 410 940 Trophaea
433 908 538 940 regum
565 900 739 940 pangimus,
856 902 891 933 4.
918 899 1024 931 Gloria
1049 899 1117 939 tibi,
1143 899 1287 939 Domine,

244 947 359 986 Quibus
383 946 451 979 Deo
476 946 699 986 perpendimus
915 946 974 985 Qui
997 949 1089 977 natus
1114 955 1146 977 es
1173 946 1212 977 de
1236 946 1366 985 virgine,

243 993 369 1026 Laudes
396 994 486 1024 enixe
511 993 633 1024 debitas
916 992 992 1025 Cum
1016 996 1109 1032 patre
1134 996 1164 1024 et
1190 996 1299 1024 sancto
1325 992 1439 1032 spiritu

244 1039 370 1072 Nostris
393 1040 566 1079 psallentes
589 1040 728 1072 vocibus.
915 1040 955 1072 In
978 1040 1169 1080 sempiterna
1192 1039 1327 1071 saecula.

259 1104 335 1131 Brev
358 1103 623 1138 compostellanum
642 1104 710 1139 imp.
723 1103 897 1139 Ulisiponae
917 1101 998 1129 1497.
1013 1103 1047 1130 A.
1060 1117 1097 1121 —
1110 1102 1194 1130 Brev.
1208 1102 1473 1138 Compostellanum

184 1144 251 1175 imp.
266 1140 461 1168 salmanticae
482 1139 563 1168 1569.
576 1141 606 1167 Β.
627 1154 664 1159 —
681 1140 813 1168 Ersteres
832 1141 886 1167 mit
904 1140 953 1167 der
969 1140 1094 1167 Rubi-ik:
1117 1139 1268 1175 „Officium
1287 1140 1473 1167 exaltationis

184 1178 266 1212 fidei,
293 1178 369 1214 quod
399 1178 544 1205 ordinavit
562 1178 632 1205 Rev.
657 1179 688 1205 in
715 1178 828 1205 Christo
854 1180 936 1213 pater
961 1177 1091 1205 Didaous
1117 1177 1152 1205 de
1176 1177 1291 1210 Muros,
1322 1179 1473 1213 episeopus

186 1217 380 1248 Civitatensis,
400 1224 451 1251 pro
470 1216 594 1243 victoria
612 1216 739 1242 civitatis
759 1217 788 1242 et
806 1216 889 1250 regni
908 1215 1061 1249 Granatae,
1080 1216 1157 1249 regis
1177 1217 1206 1241 et.
1221 1217 1337 1250 reginae
1357 1216 1474 1242 nomine

188 1255 333 1288 totiusque
353 1254 434 1290 regni
454 1254 564 1287 gratias
585 1260 672 1288 agens
691 1250 782 1280 Deo.“

186 707 216 739 1.
244 706 411 745 Surgamus
436 704 515 736 arcti
539 704 634 735 latria

240 748 483 794 Athanato[que]
504 750 631 782 reddita

535 1353 581 1384 28.
619 1353 655 1384 In
674 1352 836 1393 Triumpho
862 1353 989 1384 sanctae
1009 1353 1121 1384 Crucis.

724 1418 772 1448 Ad
791 1418 944 1456 Vespetas.

192 1489 221 1521 1.
249 1488 335 1527 Jesu,
362 1487 541 1526 redemptor
566 1487 711 1526 omnium,
864 1489 895 1521 5.
921 1486 970 1519 Ne
993 1496 1050 1519 nos
1073 1487 1172 1518 hostis
1197 1486 1353 1526 subripiat

251 1534 367 1566 Gentes
394 1542 543 1565 conserva
567 1534 724 1573 supplices
921 1533 988 1565 ¹Tuo
1012 1542 1069 1565 nos
1093 1533 1185 1565 vibra
1206 1534 1333 1574 lumine,

249 1582 311 1613 Per
334 1581 376 1611 tis
401 1580 503 1611 erucis
526 1580 720 1623 mysterium,
919 1580 1010 1620 Quod
1035 1581 1180 1612 draconis
1205 1580 1320 1619 eripiat

248 1629 330 1667 Quas
355 1627 505 1666 sanguine
529 1629 684 1659 mercatus
710 1636 753 1661 es,
920 1628 950 1658 A
974 1627 1111 1659 toxicato
1137 1626 1275 1660 fulmine.

193 1686 223 1717 2.
250 1683 399 1716 Omnibus
426 1682 533 1715 confer
556 1684 698 1724 gratiam,
864 1685 895 1716 6.
921 1682 1054 1714 Nostras
1079 1691 1189 1722 preces
1213 1685 1249 1714 ut
1271 1684 1392 1723 audias,

251 1730 302 1762 Da
326 1730 430 1769 robus,
457 1728 506 1761 fer
525 1730 684 1773 auxilium,
920 1729 966 1761 Te
989 1730 1184 1770 postulamus
1209 1729 1336 1772 affatim,

251 1777 294 1809 Ut
318 1785 493 1808 mereamur
516 1777 636 1808 veniam
922 1776 967 1808 Et
990 1786 1086 1816 super
1110 1778 1170 1809 hoo
1195 1777 1343 1809 exaudias

251 1825 436 1863 Ignorantes
459 1823 610 1855 exsilium.
922 1823 1019 1855 Tuam
1045 1824 1168 1863 plebem
1192 1824 1225 1855 in
1249 1824 1416 1863 perpetim,

196 1881 228 1914 3.
248 1879 320 1911 Hoc
344 1882 485 1917 tempore
506 1888 569 1911 non
592 1880 724 1918 adspice
866 1881 896 1912 7.
922 1879 1000 1911 Esto
1025 1882 1164 1911 nostrum
1189 1880 1383 1918 praesidium

251 1926 384 1957 Nostros
408 1928 525 1966 reatus,
551 1935 748 1967 quaesumus,
922 1927 1090 1966 Ignoscens
1116 1926 1215 1965 culpis
1241 1927 1394 1967 omnibus,

251 1972 314 2004 Sed
337 1981 393 2004 nos
418 1973 551 2012 benigno
578 1974 723 2011 conspice
924 1973 1057 2012 Christe,
1079 1971 1218 2004 futurum
1240 1975 1424 2015 praemium,

253 2019 320 2051 Tuo
345 2022 522 2059 conspectu,
547 2020 713 2058 poscimus.
922 2020 991 2051 Rex
1016 2020 1058 2051 ad
1082 2022 1114 2050 te
1138 2020 1397 2060 supplicantibus,

195 2077 227 2109 4.
252 2075 304 2106 Ad
330 2078 362 2106 te
387 2075 566 2117 clamantes,
593 2075 736 2115 Domine,
866 2077 895 2108 8.
921 2075 1084 2115 Succurre,
1110 2079 1220 2107 sancta
1242 2077 1378 2116 trinitas,

252 2122 321 2153 Tua
343 2130 401 2153 nos
427 2122 539 2154 dextra
562 2125 709 2161 protegat.
922 2122 1084 2161 Frangens
1108 2123 1245 2154 adversa
1268 2125 1400 2165 proelia,

251 2169 301 2200 Ab
327 2168 387 2199 hae
412 2168 482 2201 dira
505 2169 663 2210 voragine,
923 2167 969 2201 Ut.
990 2168 1048 2200 tibi
1071 2169 1181 2201 laudes
1207 2169 1329 2203 debitas

254 2215 338 2253 Quae
361 2224 418 2247 nos
443 2216 556 2255 glutire
582 2217 705 2256 cogitat.
925 2215 1143 2247 Persolvamus
1167 2225 1236 2248 cum
1260 2217 1370 2256 gloria.

267 2279 351 2306 Brev.
365 2279 536 2307 Toletanum
556 2281 624 2315 imp.
639 2281 769 2308 Venetiis
792 2277 872 2308 1483.
886 2280 919 2307 A.
936 2294 972 2299 --
984 2281 1068 2308 Brev.
1081 2281 1253 2309 Toletanum
1269 2283 1337 2318 imp.
1352 2283 1483 2311 Venetiis

195 2314 277 2344 1492.
303 2316 336 2343 B.
365 2330 403 2335 —
423 2317 506 2345 BreV.
531 2318 703 2345 Toletanum
728 2319 797 2354 imp.
826 2318 942 2354 Hispali
971 2315 1051 2346 1492.
1080 2318 1109 2345 C.
1139 2333 1175 2338 —
1199 2319 1284 2347 Brev.
1310 2320 1483 2349 Toletanum
