1651 2518
808 136 1038 171 ,90-

281 233 312 265 3.
339 232 436 271 Haec,
462 232 494 263 in
520 241 579 271 quo
604 241 639 263 se
661 231 847 271 baptizavit,
953 233 985 263 4.
1010 232 1073 263 Per
1096 231 1177 263 hanc
1193 232 1323 271 quisque
1346 234 1544 271 promeretur

382 278 516 310 Fontem
540 278 617 310 fecit
639 277 746 316 fluere,
1057 279 1086 309 A
1110 279 1247 317 peccatis
1273 278 1368 318 ablui,

339 326 453 357 Pastor
476 334 544 356 cum
569 333 663 366 grege
687 325 825 364 ploravit
1009 324 1138 365 Fngor,
1163 323 1277 357 flumen
1302 334 1364 356 non
1389 325 1516 356 timetur

386 373 423 404 In
447 380 585 403 marmor
609 380 643 402 se
666 374 799 411 vertere,
1057 371 1125 403 Nec
1149 370 1257 411 fragor
1279 372 1419 411 tonitrui,

339 418 428 449 Haec
450 427 507 457 pro
529 418 623 456 justis
647 418 840 460 impetravit,
1012 418 1073 449 Per
1096 418 1178 449 hanc
1201 418 1292 450 nobis
1318 419 1512 450 condonetur

388 465 544 504 Quidquid
569 464 646 496 velit
664 467 782 504 petere,
1062 464 1153 496 Omni
1175 465 1256 496 bono
1281 464 1413 506 perfrui,

338 513 474 550 Patrem,
500 511 552 550 qui
576 513 682 542 natam
705 511 838 552 necavit,
1011 511 1094 543 Laus
1117 512 1211 550 patri,
1235 512 1304 542 laus
1323 511 1448 543 Christo
1467 511 1569 551 detur,

383 558 469 597 Ignis
494 558 581 588 venit
602 565 705 590 urere.
1057 557 1140 588 Laus
1165 560 1273 589 sancto
1298 558 1435 597 spiritui.

353 621 437 649 Brev.
464 629 516 648 ms.
535 621 706 648 Toletanum
734 629 809 648 saec.
831 619 874 647 14.
897 620 964 648 cod.
985 622 1131 648 Matriten.
1152 621 1194 648 Ff.
1217 620 1279 648 147.
1299 622 1333 648 A.
1354 636 1390 640 --
1411 622 1494 649 Brev.
1515 630 1568 648 ms.

278 660 450 686 Toletanum
474 666 539 685 sate
576 656 647 685 ¹4lm.
669 658 737 685 Cod.
758 659 892 686 Univers.
911 659 1057 686 Matriten.
1082 656 1120 686 48
1149 656 1270 693 (92—1).
1291 659 1322 686 B.
1343 675 1380 679 —
1410 658 1433 689 1,
1456 657 1472 686 6
1504 666 1570 686 noce

280 705 444 733 comparare
464 697 498 723 A.
528 710 540 714 —
575 692 601 725 3,
622 693 639 721 2
659 695 746 723 fluere
766 695 835 722 fecit
853 696 910 722 AB.
931 710 967 714 ——
986 695 1012 730 4,
1033 694 1051 723 8
1071 697 1187 732 spiritui
1208 699 1307 723 saneto
1329 697 1363 723 A.

702 822 762 854 126.
800 823 843 854 De
863 824 973 854 saneta
993 824 1142 854 Barbara.

825 900 872 929 Ad
891 899 1016 929 Laudes.

557 977 586 1010 1.
612 976 706 1008 Jubet
731 977 859 1008 insanus
882 986 1010 1016 praeses
1034 978 1211 1009 Martianus

608 1024 703 1055 Patre
727 1026 894 1063 praesente
917 1024 1071 1063 simulque
1092 1024 1223 1063 jubente

613 1070 774 1109 Virgmem
801 1071 916 1101 nudam
942 1072 1092 1110 sanguine
1115 1070 1274 1110 perfusam

654 1117 752 1147 Trahi
777 1125 834 1156 per
858 1117 976 1151 villam.

548 1202 579 1232 2.
604 1200 693 1231 Tunc
718 1201 895 1232 verecunda
917 1205 1049 1241 propter
1071 1203 1258 1241 pudibunda

607 1247 858 1286 Praesuspiravit
882 1247 1100 1288 Christumque
1119 1250 1251 1289 rogavit,

606 1294 652 1326 Ut
675 1294 737 1325 sibi
763 1295 853 1326 daret,
875 1295 988 1335 velum,
1015 1296 1098 1334 quod
1121 1297 1241 1328 velaret

654 1340 799 1372 Protinus
822 1340 920 1374 illam.

549 1425 581 1456 3.
607 1423 665 1461 Qui
689 1425 771 1464 regis
797 1425 925 1465 coelum,
951 1425 1070 1464 praebe
1093 1426 1169 1457 mihi
1192 1426 1306 1465 velum,

608 1470 673 1508 Quo
699 1474 902 1511 contegantur
925 1472 1074 1512 membra,
1093 1481 1172 1511 quae
1195 1473 1364 1512 nudantur,

611 1517 655 1549 Ut
677 1527 697 1549 a
720 1516 861 1557 profanis
885 1527 1033 1558 nequeam
1060 1520 1194 1559 paganis

654 1564 748 1596 Nuda
771 1565 883 1598 videri.

551 1649 582 1680 4.
610 1648 670 1680 Vix
695 1657 789 1687 prece
812 1649 886 1680 data
909 1650 1006 1680 vestis
1032 1652 1079 1680 est
1103 1650 1200 1681 allata

608 1696 729 1735 Angelo
755 1696 858 1737 dante,
886 1696 956 1727 luce
979 1696 1139 1736 rutilante,

608 1742 695 1780 Quod
720 1742 773 1774 vix
798 1742 945 1774 valebant
967 1743 1025 1785 illi,
1052 1743 1105 1782 qui
1129 1743 1308 1784 trahebant,

655 1790 748 1821 Hanc
771 1790 896 1821 intueri.

552 1876 582 1906 5.
608 1873 781 1905 Barbaram
806 1877 939 1906 stantem
963 1877 1051 1906 veste
1076 1878 1310 1906 corruscantem

608 1921 736 1952 Praeses
761 1924 794 1952 ut
819 1922 911 1963 vidit,
939 1922 978 1952 de
1002 1930 1036 1952 se
1057 1922 1123 1960 J'am
1150 1921 1278 1961 diffidit,

609 1967 705 1998 Totus
730 1968 884 2005 turbatur,
911 1968 1019 2009 nescit,
1046 1968 1122 2007 quid
1148 1969 1303 2008 loquatur,

655 2013 761 2045 Mutus
787 2019 819 2045 et
842 2023 962 2048 caecus,

551 2100 581 2131 6.
609 2097 718 2130 Gloria
744 2099 828 2138 patri
852 2098 1027 2138 virginique
1052 2098 1155 2137 matri,

609 2144 692 2176 Laus
716 2154 837 2185 quoque
861 2145 986 2178 Christo
1013 2145 1108 2176 choro
1133 2145 1176 2176 sit
1200 2146 1239 2177 ab
1264 2146 1336 2188 isto,

609 2190 740 2230 Spiritui
767 2192 857 2223 detur
881 2192 992 2231 honor,
1016 2194 1051 2222 ut
1077 2191 1219 2232 debetur,

654 2238 814 2271 Barbarae
838 2239 942 2270 decus.

355 2302 439 2329 Brev.
459 2311 511 2329 ms.
530 2303 703 2330 Toletanum
725 2311 798 2330 saec.
821 2301 863 2330 15.
885 2302 953 2330 God.
975 2302 1060 2329 Univ.
1080 2303 1227 2330 Matriten.
1246 2301 1284 2331 48
1302 2302 1424 2339 (92-1).
1444 2319 1482 2324 —
1504 2305 1535 2340 1,
1556 2304 1574 2334 3

281 2340 421 2374 sanguine
441 2348 492 2375 per
510 2340 625 2367 undam.
645 2355 682 2359 —
702 2339 727 2374 2,
748 2338 766 2368 3
783 2340 900 2367 veleret.
920 2355 956 2359 —
976 2338 1002 2373 3,
1023 2337 1040 2369 3
1061 2348 1078 2367 a
1097 2341 1226 2375 profanis
1245 2350 1340 2377 neque
1359 2350 1378 2368 a.
1390 2344 1523 2378 paganis.
1536 2359 1574 2363 —

281 2374 306 2411 6,
327 2375 344 2402 2
365 2384 478 2412 quoque
497 2378 576 2404 fehlt.
