1651 2518
690 134 730 138 —
780 113 847 148 207

512 221 577 254 360.
618 224 661 254 De
680 231 719 255 ss.
739 223 874 255 Lueiano
896 225 928 255 ct
947 224 1110 256 Marciano.

715 292 761 321 Ad
779 291 905 321 Laudes.

393 357 422 390 1.
450 359 522 391 Jam
547 359 594 390 sol
620 360 753 400 Olympo
779 360 882 392 aureis
906 360 1066 401 quadrigis

449 404 607 444 Spargere
630 407 730 438 lucem
758 407 862 446 coepit
886 410 918 438 et
940 407 1080 439 illustrat

448 452 541 483 Hunc
566 455 686 485 tantum
713 455 796 486 diem
819 457 992 494 martyrum
1014 457 1147 496 tuorum>

495 499 519 531 O
545 500 627 531 alme
653 500 786 534 Christe.

387 555 419 587 2.
447 554 512 593 Quo
538 554 628 588 ferox
652 557 757 598 hydra
780 557 924 598 plurimis
948 558 1059 589 occisis

447 602 554 635 Veloci
584 611 685 644 cursu,
711 603 822 636 infelix
847 603 992 643 Sabinus,

446 649 653 682 Perscrutans
678 652 827 683 mundum
848 651 961 683 missus
987 654 1044 692 est,
1071 654 1105 681 ut
1129 654 1242 683 mactet

491 696 528 728 In
553 698 585 728 te
610 698 785 732 eredentes,

389 752 420 784 3.
447 752 535 784 Inter
560 761 636 792 quos
661 757 785 786 sanctos
811 756 904 794 teque
929 754 1115 793 disponente

446 799 606 838 Martyres
631 801 709 832 istos
734 802 766 832 in
791 801 870 832 urbe
895 802 1031 843 Vicensi,

447 845 493 878 Ut
518 855 586 878 eam
611 850 746 890 servent,
772 848 920 888 gravibus
945 848 1108 880 tormentis

495 893 649 932 Torqueri
671 893 756 926 feeit.

385 949 416 979 4.
444 948 545 980 Rabie
568 958 634 989 sua,
660 951 741 982 odiis
766 950 888 982 acerbis

443 995 496 1026 Au
521 999 553 1027 te
577 997 700 1028 remisit
724 998 845 1029 camino
869 1000 1031 1039 purgatos,

444 1042 525 1081 Quos
552 1044 708 1075 coronasti
732 1047 768 1076 ut
791 1052 882 1077 veros
907 1045 1041 1076 athletas

490 1089 664 1129 splendido
694 1092 790 1125 vultu.

389 1145 417 1175 5.
446 1145 616 1177 Precamur
641 1155 726 1186 ergo,
749 1148 801 1186 qui
827 1146 915 1177 nobis
942 1148 1087 1179 custodes

442 1192 520 1224 Illos
547 1192 672 1232 dedisti,
698 1194 846 1232 precibus
872 1202 989 1235 eorum,

443 1238 519 1271 Cum
545 1247 616 1270 sera
642 1240 709 1271 dies
734 1240 865 1280 venerit,
893 1249 960 1271 cum
986 1241 1049 1273 illis

489 1286 605 1317 Tecum
627 1295 799 1327 regnemus.

384 1342 415 1374 6.
442 1341 574 1374 Praesta
599 1342 668 1381 hoe,
695 1347 804 1374 sancte
828 1342 913 1382 Jesu,
940 1343 1030 1375 nobis
1054 1352 1116 1383 p1e‚

440 1389 498 1428 Qui
523 1398 642 1420 summo
668 1394 760 1429 patre
787 1399 854 1421 cum
880 1390 994 1429 spiritu
1018 1393 1127 1422 sancto

440 1436 478 1468 In
503 1436 646 1467 trinitate
671 1437 755 1477 regis
781 1440 813 1468 et
836 1437 990 1476 gubernas

486 1482 619 1516 Saecula
644 1487 764 1518 cuneta.

230 1556 315 1583 Brev.
334 1556 460 1584 Vieense
480 1558 548 1593 imp.
570 1557 708 1594 Lugdum
728 1556 808 1586 1547.

576 1684 635 1716 361.
679 1686 722 1717 De
742 1686 849 1719 sancto
869 1687 1029 1719 Inulovico.

689 1754 736 1783 Ad
756 1755 908 1792 Vesperas.

429 1823 458 1855 1.
485 1822 645 1854 Mentibus
669 1825 796 1855 summis
822 1824 1012 1858 celebremus
1038 1834 1143 1858 omnes

486 1869 581 1910 Regis
606 1871 726 1902 aeterni
751 1873 953 1904 memoranda
977 1873 1069 1916 dona,

487 1916 618 1956 Semper
642 1918 776 1957 Hispani
800 1917 941 1952 referant
965 1918 1075 1952 fideles

533 1963 679 1997 Carmina
702 1966 816 1998 laudis.

428 2023 457 2055 2.
485 2022 646 2062 Martyres
673 2023 743 2055 <lira
767 2022 919 2055 subeunte
943 2033 1044 2063 poena

484 2071 644 2109 Hesperos
669 2072 827 2110 quondam
853 2071 976 2104 coluere
1001 2071 1079 2104 fines

482 2117 527 2149 Et
551 2126 606 2149 suo
630 2121 754 2150 nostras
779 2126 869 2150 roseo
894 2123 1059 2151 sacrarunt

531 2163 689 2205 Sanguine
716 2168 828 2198 terras.

425 2223 455 2255 3.
482 2221 586 2254 Multa
610 2224 684 2261 post
706 2223 834 2255 tandem
859 2223 1002 2256 revoluta
1025 2225 1130 2257 saecla

482 2269 613 2302 Gallicis
639 2270 713 2310 oris,
738 2270 910 2310 Ludovice‚
937 2274 1060 2304 vectum

480 2318 526 2349 Te
551 2317 738 2350 Valentinae
758 2318 845 2350 Deus
868 2318 938 2357 ipse
962 2322 1088 2353 nostrae

528 2365 668 2399 Contulit
693 2365 773 2399 urbi.
