1651 2518
719 124 976 160 ——119—

630 215 682 247 182
729 216 773 248 De
794 216 901 247 sancta
918 216 1055 248 Eulalia.

514 274 544 306 1.
570 275 647 307 Flos
671 276 804 317 patriae,
831 277 925 308 decus
950 279 1043 317 atque
1069 276 1163 307 decor

570 323 812 356 Barcinonensis
838 327 869 355 et
889 324 977 355 urbis
1001 324 1109 362 honor,

572 369 700 402 Civibus
727 372 824 403 enitet
846 371 982 411 Eulalia,

568 416 653 448 Lilia
677 418 812 450 candida
836 418 923 458 virgo
948 418 1042 457 velut,

570 464 629 495 Vel
654 474 726 497 rosa
749 465 901 504 martyrio
925 465 1040 496 rubuit.

513 520 544 552 2.
569 519 664 552 Unde
689 530 803 553 corona
827 522 974 560 perennis
1001 521 1029 553 ei

568 567 701 600 Tradita
726 568 865 600 creditur
890 577 959 599 esse
984 569 1110 611 dupleX,

568 615 654 653 Quae
677 615 817 655 pretiosa
840 615 907 647 Deo
931 616 1051 646 meritis

571 662 751 702 Virginibus
777 662 896 694 sociata
919 663 1002 702 polo,

569 708 766 748 Martyribus
790 709 858 740 sine
881 708 944 740 fine
967 713 1082 742 manet.

510 764 540 796 3.
568 763 665 802 Quam
689 773 783 805 prece
806 766 966 804 poscimus
990 766 1125 807 assidua,

566 811 612 843 Ut
634 813 718 844 mala
741 812 843 851 pellat
866 812 905 844 ab
930 812 1008 844 urbe
1034 821 1099 854 sua,

563 858 666 898 Digne
690 859 868 898 petentibus
893 860 963 899 ipsa
987 862 1086 899 petat,

564 905 630 937 Nos
653 906 698 937 ibi
722 906 830 938 vivere
852 909 923 945 post
949 906 1067 938 obitum

566 953 728 993 impetret,
756 955 804 983 est
827 953 881 984 ubi
905 962 988 984 nunc
1011 954 1124 984 amina.

506 1010 538 1041 4.
564 1010 709 1041 Praestet
732 1010 792 1041 hoc.
816 1010 1010 1049 omnipotens
1040 1009 1150 1045 deitas,

561 1056 660 1087 Trina
685 1056 816 1088 colenda
840 1057 896 1088 sed
920 1066 982 1088 una
1006 1060 1119 1096 tamen,

561 1103 659 1135 Omne
684 1104 734 1134 cui
758 1101 927 1134 famuletur
951 1112 1038 1144 opus,

560 1150 685 1182 Laudet
708 1154 740 1182 et
763 1158 862 1190 omne,
889 1150 972 1190 quod
997 1153 1053 1191 est,
1078 1150 1208 1192 pariter,

564 1197 674 1229 Omnia
698 1197 823 1229 saecula
847 1196 1033 1237 glorificent.

259 1262 343 1288 Brev.
364 1261 578 1289 Barcinonense
597 1262 665 1297 imp.
685 1263 867 1289 Barcinonae
889 1260 969 1289 1540.
1014 1263 1071 1289 Mit
1089 1261 1144 1289 den
1166 1262 1270 1290 beiden
1288 1264 1476 1292 unmittelbar

182 1298 438 1335 vorhergebenden
450 1298 575 1326 Liedern
595 1303 679 1327 unter
698 1300 748 1327 der
760 1299 889 1326 Rubrik:
915 1301 1042 1336 „Hymni
1062 1300 1176 1335 antiqui
1194 1300 1297 1327 beatae
1312 1300 1473 1336 Eulaliae“,

181 1338 221 1363 im
244 1336 423 1373 Gegensatze
441 1345 479 1362 zu
499 1336 554 1363 den
572 1337 802 1373 nachfolgenden
817 1337 967 1374 jiingeren.

617 1428 675 1459 183.
717 1429 761 1459 De
781 1428 890 1458 sancta
909 1427 1048 1461 Eulalia.

715 1485 763 1516 Ad
783 1485 936 1524 Vesperas.

182 1547 213 1579 1.
239 1547 351 1578 Almae
373 1546 485 1579 laudes
507 1546 652 1578 Eulaliae
851 1548 882 1579 4.
911 1546 1052 1586 Depulso
1078 1547 1190 1586 culpae
1213 1546 1331 1579 famine

239 1593 369 1634 Semper
392 1603 571 1634 promamus
596 1594 692 1634 avidi,
910 1593 970 1626 Cor
996 1593 1086 1626 offert
1109 1594 1176 1625 Deo
1203 1595 1353 1634 deditum,

239 1641 337 1679 Quam
362 1641 486 1673 vocavit
510 1650 567 1672 rex
590 1642 710 1681 gloriae
905 1641 1000 1680 Quam
1026 1650 1134 1673 servas
1158 1642 1226 1673 sine
1251 1642 1389 1683 crimine,

236 1689 297 1719 Ad
317 1688 791 1728 coenamagniprovidi.
906 1687 1014 1719 Deus
1040 1692 1203 1720 tuorum
1228 1690 1421 1721 militum.

178 1746 208 1776 2.
235 1745 431 1777 Barcinonae
452 1745 652 1783 praeconium
851 1745 883 1777 5.
908 1744 968 1776 Est
993 1745 1116 1778 Christo
1139 1746 1249 1784 ,iuncta
1275 1747 1404 1778 coelitus

235 1792 295 1823 Est
318 1801 434 1832 sponsa
460 1791 576 1823 Christi
600 1792 697 1832 regia,
907 1791 1043 1823 Excelsa
1067 1801 1163 1831 super
1186 1793 1301 1834 sidera,

234 1839 297 1871 Per
321 1848 413 1879 quam
440 1839 536 1870 donet
557 1848 613 1871 rex
637 1840 775 1879 gentium
907 1840 979 1872 Jam
1003 1839 1168 1879 possidens
1195 1840 1344 1872 divinitus

231 1886 363 1918 Beata
383 1886 508 1919 nobis
533 1887 697 1927 gaudia.
907 1888 1088 1919 Aeterna
1104 1887 1266 1920 Christi
1287 1897 1465 1921 munera.

175 1945 206 1977 3.
235 1944 330 1977 Clara
352 1944 471 1976 micans
495 1944 647 1984 prosapia
851 1944 880 1975 6.
907 1943 1007 1975 Felici
1033 1952 1157 1982 semper
1181 1945 1295 1983 gaudio

231 1992 353 2024 Poenas
379 1991 496 2023 devicit
520 1991 695 2035 verberum,
906 1991 972 2023 Deo
996 2000 1141 2023 canamus
1168 1992 1305 2032 vocibus,

230 2040 328 2079 Quam
353 2042 407 2071 tua
433 2039 524 2070 dotas
549 2039 660 2082 gralia,
906 2039 949 2070 Et
974 2039 1005 2070 in
1032 2039 1098 2078 ejus
1123 2038 1272 2078 obsequio

231 2086 311 2119 Con
324 2087 440 2119 ditor
463 2087 568 2118 alme
592 2087 788 2119 siderum.
905 2086 1084 2118 Exsultet
1104 2088 1248 2118 coelum
1263 2087 1368 2119 laudi
1381 2088 1398 2120 b
1410 2098 1463 2120 us.

511 2145 540 2176 7.
569 2143 678 2176 Gloria
702 2145 744 2175 sit
767 2143 905 2183 ingenito

570 2191 712 2232 EjUsque
734 2192 802 2223 laus
828 2192 859 2221 et
884 2191 1010 2223 claritas

570 2240 620 2271 Ac
642 2244 716 2272 nato
743 2247 812 2269 cum
836 2239 1001 2278 paraclito,

566 2287 590 2320 O
616 2287 703 2328 lux,
730 2287 855 2319 beata
880 2286 1067 2319 trinitas.

243 2353 325 2380 Brev.
346 2362 398 2379 ms.
420 2352 581 2380 Praedicat.
602 2361 677 2381 saec.
701 2352 743 2381 15.
766 2351 834 2379 Cod.
856 2352 1013 2380 Scorialen.
1035 2361 1053 2380 a
1071 2352 1116 2380 111
1136 2350 1161 2381 3.
1177 2353 1210 2381 A.
1230 2355 1387 2390 —Hymn
1410 2365 1460 2384 ms.

166 2390 327 2419 Praedicat.
348 2399 422 2419 saec.
445 2389 519 2419 1¹²l1·-.-.
540 2391 608 2420 Cod.
629 2392 722 2428 Capit.
742 2391 893 2418 Valentini
914 2400 936 2419 s.
959 2401 986 2419 n.
1006 2392 1037 2419 Β.
1060 2405 1093 2410 -
1114 2391 1196 2419 Brev.
1218 2402 1269 2420 ms.
1284 2394 1461 2423 Dertusensc
