1651 2518
795 127 1049 161 —1420—

707 246 771 277 228.
812 246 855 277 Dc
874 248 978 277 sancte
1000 246 1155 279 Gabriele.

823 323 857 351 In
876 322 1035 352 Laudibus.

274 414 305 446 1.
332 413 446 445 Coetus
471 412 587 454 gaudet.
611 411 789 443 coelestium

333 459 489 492 Gabrielis
515 459 681 498 consortio,

333 507 469 538 Plaudat
493 509 524 538 et
547 506 637 546 plebs
661 506 801 537 fidelium

328 554 485 593 Adsitque
506 553 662 592 jubilatio.

275 621 305 652 2.
332 619 439 658 Ipsum
465 620 556 651 decet
579 619 769 660 solemnitas,

331 666 450 705 Honor.
475 667 543 698 laus
569 668 598 697 et
623 665 814 705 obsequium,

333 713 395 744 Per
419 722 510 752 quem
534 716 642 744 nostra
667 712 828 744 calamitas

333 759 457 791 Celsum
483 760 567 800 capit
589 760 765 799 imperium.

275 827 305 859 3.
330 825 401 857 Hoc
424 826 595 857 nunciante
619 826 706 865 regia

332 872 432 912 Virgo
458 873 599 911 concepit
619 871 728 910 filium,

335 919 400 957 Quo
425 919 619 951 infernorum
644 918 725 950 furia

335 965 463 998 Grande
487 966 594 998 suffert
620 966 757 999 exitium.

277 1033 308 1064 4.
335 1031 442 1063 Sancti
466 1035 643 1063 sanctorum
668 1033 773 1063 unctio

335 1078 448 1110 Verbis
473 1079 561 1110 istius
586 1079 734 1118 noscitur,

334 1125 509 1158 Jerusalem
533 1125 693 1157 subversio

336 1171 379 1203 Et
402 1171 550 1205 reductus
574 1173 769 1212 proponitur.

952 413 982 443 5.
1008 411 1238 442 Antichristum
1262 419 1324 442 non
1348 411 1447 444 tacuit

1007 458 1066 489 His
1092 461 1264 497 venturum,
1291 458 1343 497 qui
1367 457 1471 489 omnia

1009 504 1162 546 Vastabit‚
1190 505 1271 536 sicut.
1291 505 1395 544 patuit

1007 551 1057 583 Ex
1077 552 1168 591 hujus
1194 552 1378 592 eloquentia.

977 642 982 648 .
1008 617 1201 649 Laudandus
1227 621 1275 648 est
1298 617 1350 648 hic
1372 617 1508 655 nuntius,

1010 665 1071 696 Per
1095 673 1185 704 quem
1209 667 1318 696 nostra
1340 664 1471 695 salvatio

1010 711 1142 744 Carnem
1167 712 1261 743 sumit
1287 711 1467 742 clementius

1010 758 1098 790 Sacri
1125 759 1189 790 alvi
1212 758 1340 798 palatio.

976 850 983 856 .
1008 824 1186 856 Laudemus
1212 833 1284 863 ergo
1312 824 1435 864 dignius

1009 871 1101 903 Hunc
1125 872 1271 913 legatum,
1297 874 1333 902 ut
1355 871 1464 902 audiat

1012 918 1145 950 Nostras
1169 927 1280 958 preces
1305 918 1454 949 attentius

1009 965 1054 997 Et
1075 966 1213 997 intentos
1237 974 1294 996 nos
1320 963 1424 996 faciat.

977 1057 984 1063 .
1009 1031 1124 1063 Manus
1148 1034 1261 1063 vacent
1280 1031 1422 1070 justitiae

1010 1078 1062 1110 Ad
1087 1079 1212 1110 laudem
1233 1078 1314 1109 tanti
1337 1077 1446 1119 nuntii,

1011 1125 1112 1157 Pedes
1137 1128 1286 1166 regantur
1310 1125 1424 1163 sobrie,

1011 1172 1126 1204 Sensus
1150 1173 1192 1204 sit
1217 1172 1327 1211 culpae
1351 1172 1484 1203 nescius.

675 1239 706 1270 9.
730 1238 815 1269 Laus
841 1238 909 1269 Deo
935 1238 977 1269 sit
1001 1241 1032 1269 et
1056 1238 1166 1277 gloria.

356 1311 439 1337 Brev.
465 1320 517 1338 ms.
537 1312 752 1339 Barcinonense
779 1320 852 1339 saec.
876 1310 918 1339 15.
941 1312 1009 1339 Cod.
1031 1311 1123 1348 Capit.
1144 1313 1247 1339 Vicen.
1269 1312 1342 1340 CIX.
1370 1313 1403 1339 A.
1424 1326 1461 1330 —
1489 1312 1573 1339 Brev.

282 1348 497 1376 Tarraconense
521 1350 589 1384 imp.
613 1349 793 1376 Barcinonae
823 1347 902 1376 1484.
923 1350 955 1377 B.
976 1364 1013 1368 -
1033 1350 1116 1377 Brev.
1137 1350 1329 1385 Majoricense
1349 1352 1417 1386 imp.
1438 1350 1569 1376 Veneriis

285 1383 365 1412 1506.
387 1385 417 1412 G.
437 1400 474 1404 ——
494 1387 576 1413 κων.
599 1385 771 1413 (ΣεΙευΠεῐιεθ
790 1388 858 1422 imp.
882 1387 1129 1423 Caesaraugustae
1150 1386 1231 1415 1514.
1251 1388 1287 1415 D.
1308 1403 1345 1407 —
1367 1388 1451 1415 Brev.
1473 1388 1570 1415 Barci-

279 1431 407 1460 nenenv
434 1424 501 1459 imp.
523 1425 701 1451 Barcinonae
723 1423 802 1451 1540.
822 1425 857 1451 E.
877 1440 915 1444 —
934 1425 1018 1451 Brev.
1038 1425 1196 1452 Illerdense
1222 1427 1290 1461 imp.
1314 1434 1356 1452 ca.
1379 1423 1459 1453 1533.
1482 1426 1513 1452 F.

279 1461 335 1486 Str.
355 1458 382 1494 4,
404 1459 420 1486 5
440 1461 499 1488 und
518 1462 534 1488 6
554 1461 650 1488 fehlen
670 1462 700 1488 F.
724 1476 758 1481 —
778 1461 803 1494 5,
827 1460 841 1488 1
861 1462 935 1489 Ante
949 1462 1094 1490 Christum
1114 1462 1199 1490 ABG.
1220 1478 1258 1482 —
1277 1460 1302 1496 8,
1327 1462 1340 1490 1
1362 1466 1460 1490 vactet
1478 1465 1512 1490 A.

693 1599 760 1630 229.
798 1599 842 1630 De
861 1601 966 1631 sancto
989 1599 1143 1632 Gabriele.

797 1675 845 1704 Ad
863 1675 1018 1714 Vesperas.

279 1762 310 1792 1.
337 1760 454 1792 Summi
479 1762 561 1802 regis
585 1764 818 1803 paranymphus

382 1816 440 1847 per
466 1809 572 1840 orbem
599 1811 756 1849 recolitur,

336 1854 394 1893 Qui
418 1855 543 1887 sublimi
567 1865 605 1888 ex
629 1857 762 1898 Olympo

382 1902 423 1933 ad
449 1903 600 1943 virginem
622 1905 766 1944 mittitur,

338 1948 432 1987 Cujus
457 1950 527 1981 alvo
553 1954 734 1983 consecrata

384 1995 512 2027 verbum
538 2006 609 2028 caro
635 1997 778 2031 efficitur.

948 1767 978 1798 2.
1005 1766 1101 1797 Totus
1127 1765 1249 1806 fulgens
1273 1771 1304 1799 et
1330 1768 1460 1799 decorus

1053 1815 1182 1853 exponit.
1204 1816 1397 1855 mysterium,

1005 1860 1199 1900 Expavescit
1221 1863 1308 1902 virgo
1334 1871 1434 1903 sacra,

1054 1908 1127 1940 dum
1151 1910 1239 1942 audit
1263 1911 1434 1949 oraculum,

1006 1955 1104 1993 Quam
1129 1956 1310 1996 archangeli
1333 1957 1462 1998 superni

1054 2002 1218 2035 confirmat
1241 2005 1423 2044 alloquium.

674 2066 705 2097 3.
733 2065 842 2098 Gloria
867 2070 898 2098 et
921 2067 1020 2099 honor
1043 2068 1112 2100 Deo

772 2122 930 2153 usquequo
955 2115 1117 2158 altissimo,

725 2159 796 2192 Una
817 2161 902 2200 patri
927 2160 1052 2201 filioque

772 2208 931 2246 paracleto
954 2208 1072 2246 inclito,

728 2252 784 2284 Cui
806 2254 875 2286 laus
901 2257 949 2285 est
973 2257 1005 2286 et
1027 2258 1166 2294 potestas

772 2309 830 2340 per
854 2302 1006 2335 immensa
1027 2303 1163 2335 saecula.

355 2368 438 2395 Brev.
459 2370 604 2399 Abulcnse
626 2374 694 2409 imp.
715 2373 910 2403 Salmantieae
931 2374 1012 2403 1551.
