1651 2518
745 104 997 139 -106—

501 201 532 232 2.
557 199 651 232 Unde
675 208 805 231 sonorus
830 200 909 239 petit
934 209 954 231 a
977 202 1009 231 te
1033 201 1155 240 chorus,

554 246 684 278 Veniam
709 248 837 285 praesta
860 246 919 286 his,
946 247 999 285 qui
1026 246 1132 279 colunt
1155 246 1253 287 festa3

558 292 714 332 Canimus‚
740 292 825 332 audi,
851 293 1011 332 supplices
1036 294 1159 333 exaudi,

599 340 725 371 Laudes
749 338 886 371 attende.

496 407 526 438 3.
552 404 641 436 Patri
664 413 702 436 ae
725 407 799 436 nato
823 403 1003 444 flaminique
1025 406 1134 436 sancto

553 451 693 482 Gloriam
719 452 827 483 demus
850 459 1008 490 unumque
1030 451 1193 483 laudemus

552 497 662 537 Deum,
689 497 741 537 qui
765 499 877 537 regnat,
899 497 1049 529 mundum
1075 500 1106 528 et,
1130 497 1284 538 gubernat

597 544 716 577 Cuncta
738 552 796 583 per
820 544 932 577 saecla.

299 608 382 635 Brcv.
408 616 459 635 ms.
480 607 731 642 Calagurritanum
757 616 831 635 saec.
854 606 897 635 14.
919 607 989 636 Cod.
1010 608 1214 636 Salmanticen.
1238 607 1299 636 186.
1320 608 1354 635 A.
1379 622 1408 628 -—
1430 608 1515 634 Brev.

225 645 475 681 Calagurritanum
495 648 524 672 et
543 644 721 673 calciatense
740 646 808 681 imp.
829 646 968 673 Lueronii
989 644 1070 674 1543.
1089 646 1122 674 B.

587 753 647 786 159.
687 755 730 785 De
750 762 773 785 s.
792 755 947 787 Dominieo
967 755 1149 787 Exsiliensi.

770 820 806 850 In
826 821 973 859 Vesperis.

495 890 529 922 1.
555 888 689 928 Christe,
714 892 893 921 sanctorum
917 891 971 929 pie
993 898 1052 921 rex
1074 892 1207 927 tuorum,

553 935 661 967 Nobili
684 934 765 967 festo
787 937 939 968 miserans
961 936 1081 976 adesto,

554 982 619 1020 Quo
647 983 733 1014 clara
756 991 834 1014 voce
857 984 1054 1015 modulemur
1078 992 1140 1014 una

597 1029 724 1061 Cantica
749 1029 829 1061 diva.

494 1096 526 1126 2.
554 1093 676 1131 Poscat‚
703 1093 837 1125 adsistat
860 1094 994 1133 vigilans
1019 1097 1170 1133 patronus

548 1139 640 1171 Nune
662 1139 845 1171 Dominieus
869 1140 989 1172 meritis
1014 1141 1134 1180 beatus,

552 1186 617 1224 Quo
641 1195 751 1225 preces
775 1191 903 1219 nostrae
926 1191 1105 1219 mereantur
1130 1196 1198 1219 esse

597 1234 732 1265 Munere
757 1233 879 1273 dignae.

492 1300 520 1331 3.
548 1297 667 1329 Abluat
687 1301 831 1339 mentem,
858 1298 977 1330 tribuat
1000 1299 1143 1338 salutem,

546 1345 692 1376 Praestet
716 1348 747 1376 et
770 1345 865 1376 vitam
890 1345 1068 1377 miserando
1093 1354 1203 1384 puram

549 1391 654 1430 Atque
677 1401 734 1423 nos
760 1393 871 1423 castris
897 1393 995 1424 societ
1018 1393 1162 1431 supernis

596 1439 708 1470 Pastor
732 1439 858 1473 amoris.

495 1505 526 1536 4.
552 1502 692 1534 Daemon
716 1503 799 1535 haud
825 1503 949 1542 plebem
974 1504 1091 1534 cruciet
1113 1502 1250 1545 fidelem,

549 1550 643 1581 Absit,
667 1553 696 1580 et
722 1551 822 1589 pestis
839 1549 988 1582 roborata
1002 1549 1115 1589 morbi,

550 1597 623 1628 Vita
648 1600 828 1628 cunctorum
854 1598 958 1628 valeat
980 1596 1141 1638 bonorum,

596 1643 730 1683 Summe,
757 1646 891 1677 tuorum.

492 1711 522 1742 5.
549 1707 598 1739 Sit
620 1709 688 1740 Deo
712 1709 798 1748 patri
824 1710 917 1741 decus
942 1712 1035 1748 atque
1058 1711 1142 1751 nato,

549 1755 684 1794 Spiritus
710 1756 783 1787 almi
806 1755 927 1795 pariter
951 1756 1067 1795 decori,

548 1801 620 1834 Una
643 1803 792 1842 majestas
817 1805 907 1843 regat
931 1806 963 1834 et
985 1803 1138 1842 gubernet

594 1849 658 1881 Nos
683 1849 775 1881 simul
800 1858 915 1881 omnes.

295 1913 378 1940 Brev.
402 1913 655 1949 Calagurritanum
682 1916 712 1941 et
737 1913 918 1942 Calciatense
942 1916 1010 1950 imp.
1035 1916 1172 1942 Lucronii
1200 1912 1280 1942 1543.
1308 1915 1343 1941 A.
1370 1929 1407 1932 —
1427 1914 1511 1941 Brev.

223 1950 407 1978 Cordubense
427 1951 495 1985 imp.
515 1950 633 1986 Hispali
656 1949 735 1978 1524.
755 1952 787 1978 B.

595 2061 655 2092 160.
694 2061 737 2092 De
757 2069 780 2091 s.
800 2060 954 2092 Dominieo
973 2060 1150 2092 Exsiliensi.

740 2128 785 2158 Ad
805 2128 995 2158 Nocturnum.

491 2196 521 2228 1.
549 2195 691 2228 Gaudeat
718 2197 836 2229 coelum
862 2196 1025 2228 retinendo
1050 2199 1203 2235 sanetum,

550 2242 692 2274 Gaudeat
717 2247 800 2275 totus
821 2244 987 2283 jubilando
1011 2242 1155 2284 mundus,

546 2288 691 2321 Gaudeat
714 2291 800 2322 locus
824 2290 1003 2322 venerando
1029 2289 1105 2321 felix

592 2336 637 2368 Et
658 2336 812 2370 Siliensis.
