1651 2518
715 126 759 131 -—
810 106 876 140 118
925 125 969 132 -ν

643 226 697 257 181.
735 225 778 256 De
798 226 907 256 saneta
926 224 1061 256 Eulalia„

754 301 802 333 Ad
820 301 947 330 Laudes.

205 383 235 413 1.
262 382 286 414 Ο
311 381 403 413 beata
427 390 542 421 sponsa
565 380 691 419 Christi,
875 381 905 412 3.
932 377 1033 420 Solve,
1060 378 1143 417 quod
1160 378 1275 420 taedet,
1298 378 1381 418 quod
1397 378 1489 416 urget

307 429 393 468 virgo
418 427 671 467 prudentissima,
977 426 1086 457 mortis
1111 425 1150 456 ad
1173 425 1356 464 perniciem,

262 475 393 514 Suscipe
413 475 477 513 jam
502 474 692 514 singulorum
931 472 1033 503 Pestis
1058 471 1246 512 morbusque
1270 471 1408 511 recedat,

305 524 378 552 vota
401 521 452 552 vel
475 521 619 559 suspiria,
976 526 1082 550 mucro
1108 519 1204 550 hostis
1230 518 1369 560 subruat,

261 568 426 600 Postulans
454 566 610 599 Christum
635 567 775 605 precatu,
933 565 1007 597 Vita
1029 565 1072 595 sit.
1092 565 1263 605 tranquilla
1287 565 1416 607 cunctis,

309 623 368 654 quo
393 615 550 654 gementes
576 613 693 645 audiat.
977 612 1040 643 sint
1064 613 1170 651 quieta
1193 615 1345 651 tempora.

205 691 234 722 2.
260 689 329 720 Non
355 688 468 726 iniquis
494 688 663 719 serviamus
873 689 904 719 4.
932 686 1058 718 Civibus
1083 695 1212 718 occurre
1238 687 1313 718 civis

307 738 410 766 mente
437 733 636 773 factionibuS,
978 737 1010 765 et,
1033 734 1166 765 salutem
1189 734 1326 774 porrige,

261 783 331 814 Non
359 789 429 813 earo
451 782 559 822 jugum
584 780 711 812 rebellis
930 780 1008 812 Esto
1033 781 1079 811 sie
1101 784 1235 821 patrona
1258 781 1348 812 nobis

306 837 401 859 suave
425 828 542 860 Christi
566 830 689 868 renuat,
975 828 1008 858 in
1033 828 1134 859 relatu
1158 827 1287 869 gratiae,

262 875 323 907 Sed
349 874 430 906 sacri
456 874 567 906 caloris
593 883 698 906 omnes
933 873 1021 905 Sicut
1045 882 1077 905 es
1103 874 1205 907 vicina
1231 875 1325 905 coelis

308 922 473 953 sanctitate
497 920 646 960 fulgeant.
975 922 1016 953 ad
1041 920 1181 953 favorem
1204 921 1332 961 gloriae.

595 998 625 1029 5.
651 995 760 1027 Gloria
788 999 819 1027 et
842 995 942 1027 honor
963 996 1043 1037 Deo,

695 1043 763 1074 laus
788 1045 821 1074 et
843 1043 1020 1074 benedietio

652 1088 825 1128 Genitoque
848 1089 1011 1121 Nazareno

698 1144 767 1167 cum
791 1139 898 1168 saneto
923 1136 1104 1176 spiramine,

654 1182 747 1222 Cujus
772 1191 900 1223 regnum
924 1183 1093 1222 gloriosum

695 1233 859 1268 permanet
881 1229 914 1261 in
938 1230 1071 1261 saecula.

283 1305 367 1331 Brev.
393 1311 445 1331 ms.
465 1303 678 1330 Barcinonense
705 1310 778 1330 saec.
808 1301 850 1330 15.
872 1303 941 1330 Cod.
963 1303 1054 1339 Capit.
1075 1304 1176 1330 Vieen.
1198 1303 1272 1330 CIX.
1292 1303 1325 1330 A.
1347 1318 1383 1321 —
1400 1303 1490 1331 Psalt.

209 1350 259 1369 ms.
282 1342 373 1376 Capit.
394 1342 582 1368 Bareinonen.
609 1349 630 1367 s.
654 1349 682 1366 n.
708 1348 781 1367 saec.
809 1338 852 1367 15.
872 1341 907 1367 D.
928 1356 964 1360 —-
983 1341 1066 1368 Brev.
1092 1349 1143 1368 ms.
1163 1340 1321 1368 Illerdense
1346 1349 1419 1368 saec.
1447 1339 1490 1368 14.

208 1379 275 1407 Cod.
298 1379 390 1413 Capit.
407 1378 540 1406 Illerclen.
566 1376 608 1404 12.
625 1376 654 1403 C.
674 1393 712 1397 —
725 1377 807 1405 Brev.
826 1387 879 1405 ms.
893 1377 1079 1405 Valentinum
1099 1379 1167 1405 anni
1190 1375 1270 1405 1420.
1286 1378 1353 1406 Cod.
1367 1379 1491 1406 Parisin.

209 1417 331 1447 (Arsen.)
353 1414 413 1443 150.
434 1416 470 1442 D.
490 1429 527 1434 ——
550 1416 629 1442 Brev.
651 1423 701 1442 ms.
722 1415 878 1443 lllerclense
900 1423 973 1443 saec.
998 1414 1039 1443 15.
1062 1415 1128 1443 Corl.
1151 1415 1236 1451 Capit
1263 1416 1397 1443 Illerden.
1421 1425 1443 1443 s.
1463 1425 1490 1443 n.

206 1454 243 1482 E.
262 1469 299 1473 —
320 1453 394 1480 Brev
424 1461 466 1479 ms
495 1453 672 1480 Dertusense
691 1461 766 1480 saee.
790 1452 831 1480 15.
852 1452 920 1480 Cocl.
941 1452 1034 1489 Capit.
1058 1455 1207 1480 nei-turen.
1228 1461 1251 1480 s.
1270 1462 1299 1479 n.
1312 1454 1344 1481 F.
1358 1468 1394 1472 —
1409 1455 1493 1481 Brev.

207 1493 421 1519 Barcinonense
451 1491 518 1526 imp.
544 1490 723 1517 Bai-elnonae
751 1488 831 1518 1540.
856 1490 889 1518 G.
915 1505 951 1510 -
978 1491 1062 1518 Brev.
1089 1491 1247 1518 Illerdense
1275 1492 1341 1526 imp.
1368 1491 1493 1518 Illerdae

209 1526 289 1556 1479.
311 1529 348 1556 H.
396 1544 402 1547 -
431 1528 514 1554 Brev.
534 1527 749 1554 Tarraconense
774 1529 842 1563 imp.
863 1528 1043 1555 ssarcinonae
1072 1525 1151 1555 1540.
1177 1528 1200 1555 Ι.
1226 1542 1258 1547 --
1279 1528 1363 1556 Brev.
1383 1528 1493 1556 Valen-

208 1567 301 1593 tinum
319 1567 384 1601 imp.
406 1566 529 1600 'Neapoli
550 1563 632 1592 1489.
652 1565 688 1592 K.
709 1579 745 1584 —-
764 1566 847 1593 Brev.
867 1566 1042 1593 Dertusense
1063 1567 1131 1601 imp.
1150 1566 1288 1601 Lugduni
1308 1564 1389 1594 1547.
1403 1567 1438 1593 L.
1457 1581 1497 1585 —

209 1603 264 1630 Str.
284 1602 304 1630 4
322 1603 394 1630 fehlt
412 1603 455 1634 H;
477 1602 560 1630 dafiir
579 1603 632 1630 hat
650 1611 679 1629 es
700 1611 737 1630 :m
757 1602 851 1630 dieser
870 1602 959 1630 Stelle
979 1603 1034 1630 Str.
1055 1600 1073 1630 8
1093 1603 1142 1630 der
1160 1605 1281 1639 vorigen
1294 1604 1439 1631 Nummer.
1459 1618 1496 1622 —

208 1640 242 1673 5,
271 1641 285 1667 1
305 1639 334 1668 ff.
355 1641 472 1668 Gloriae
494 1644 523 1667 et
540 1640 633 1667 honor
652 1640 714 1667 Deo
734 1648 883 1676 usquequo
904 1640 1053 1668 altissimo.
1074 1655 1110 1659 —
1130 1640 1163 1667 In
1186 1641 1241 1668 (len
1260 1641 1497 1669 mozarabisehen

211 1679 340 1706 Biiehem
367 1677 456 1705 hildet
475 1678 568 1705 dieser
587 1678 720 1712 Hymnus
742 1679 796 1704 mit
814 1677 876 1705 dem
898 1679 1020 1714 vorigen
1038 1687 1094 1705 nur
1117 1679 1201 1706 einen
1221 1678 1279 1706 und
1298 1679 1350 1706 hat
1369 1679 1498 1707 daselbst:

207 1716 281 1743 nach
302 1718 356 1743 Str.
377 1714 397 1742 4
420 1715 494 1742 noch
518 1716 590 1742 zwei
614 1717 730 1743 weitere
749 1715 907 1752 Sti-ophen,
936 1717 967 1742 in
992 1716 1085 1743 denen
1108 1715 1170 1743 sieh
1195 1716 1245 1744 der
1268 1716 1420 1744 ‘Verfasser
1447 1716 1497 1744 des

209 1753 311 1781 Liecles
332 1755 433 1780 neunt:

432 1800 511 1827 Inter
530 1799 603 1827 haec
623 1799 765 1827 admixtus
786 1802 849 1836 ipse
868 1802 1021 1835 conquirat
1041 1803 1070 1828 et
1090 1802 1232 1835 Quiricus⁷

433 1837 489 1870 Qui
508 1839 552 1864 tui
570 1838 665 1865 locum
685 1837 829 1874 sepulchri
849 1839 957 1874 regulis
977 1840 1145 1866 monasticis

434 1875 479 1902 Ad
496 1875 636 1902 honorem
655 1877 835 1903 consecravit
853 1877 1019 1912 sempiterni
1038 1877 1174 1907 numinis,

433 1913 474 1940 Ut
492 1913 548 1939 mei
568 1915 635 1948 post.
654 1913 781 1941 claustra
801 1915 895 1940 carnis
916 1915 956 1940 sis
976 1922 1084 1941 memor
1102 1916 1133 1941 in
1153 1915 1276 1948 aethere,

432 1949 472 1976 Et
491 1951 585 1978 minus
606 1950 682 1983 quod
699 1951 749 1978 hic
766 1952 872 1986 peregi,
892 1953 924 1978 tu
943 1951 1073 1978 valenter
1093 1952 1236 1987 suppleas,

433 1987 515 2015 Haec
533 1988 587 2014 tibi
606 1988 719 2024 perlata
736 1991 806 2015 vota
823 1988 871 2015 vel
891 1997 1028 2016 camoena
1047 1997 1225 2016 consecrans.

288 2045 389 2070 mesm-
417 2043 550 2076 Qun-iaus
577 2044 680 2083 gehfirt
705 2043 780 2071 nach
804 2045 906 2077 Gams,
934 2043 1029 2072 Series
1057 2046 1257 2080 episcoporum
1285 2054 1312 2080 p.
1339 2042 1373 2072 13
1400 2046 1431 2073 in
1453 2045 1501 2073 die

212 2082 296 2108 Mitte
320 2080 369 2107 des
394 2080 420 2108 7.
444 2081 670 2115 Jahrhunderts3
699 2082 828 2117 dagegen
854 2082 924 2108 wird
950 2081 1110 2114 bisweilen,
1143 2082 1219 2109 wohl
1244 2082 1422 2116 ἰπὶ-1111111011,
1453 2085 1500 2110 ein

213 2119 358 2151 Quiricus,
384 2118 558 2145 Erzbisehof
573 2127 632 2146 von
650 2119 767 2152 Toledo,
789 2120 832 2147 als
853 2119 1002 2146 Veffasser
1022 2120 1183 2154 angefiihrt.
1226 2120 1303 2148 Ναίν
1323 2122 1363 2147 ist:
1381 2120 1428 2148 die
1447 2121 1500 2148 Be-

212 2156 353 2190 merkung’
373 2155 536 2183 chevaliers
556 2156 732 2189 (Universite
751 2156 922 2192 Catholique
940 2156 1033 2183 Nouv.
1054 2156 1135 2185 serie
1144 2157 1226 2191 VIII,
1241 2155 1320 2191 528):
1344 2157 1381 2184 Je
1398 2160 1500 2186 trouve

213 2193 262 2220 <les
287 2194 405 2228 hymnez·
432 2201 482 2219 sur
506 2194 600 2221 sainte
625 2193 742 2221 Eulalie
767 2194 838 2221 dans
858 2191 1004 2229 1'0uvrage
1025 2193 1059 2221 de
1083 2194 1209 2222 Ponsieh
1227 2204 1247 2230 y
1269 2194 1388 2231 CamPS‚
1415 2196 1500 2230 vida,

212 2231 349 2265 martyrio
378 2240 398 2264 y
422 2231 581 2265 grandezas
608 2232 643 2258 de
669 2235 754 2259 sunta
772 2231 900 2259 Eulalia.
939 2231 1053 2258 Madritl
1081 2230 1161 2259 1770.
1200 2231 1227 2259 Il
1251 2232 1346 2260 donne
1371 2233 1502 2268 l’hymne

212 2265 245 2295 11⁰
269 2266 341 2295 6627
362 2268 398 2295 <le
416 2276 484 2295 mon
496 2270 665 2304 Repertoire
683 2278 793 2297 eomme
813 2272 902 2304 ayant.
919 2268 963 2296 ete
987 2272 1169 2304 „eompuesto
1189 2279 1242 2305 por
1255 2270 1375 2303 Quirino
1397 2272 1500 2307 obispo

213 2305 247 2332 de
267 2303 453 2332 Bareelona“.
487 2306 584 2334 Sehon
603 2310 691 2334 etwas
711 2307 808 2335 friiher
828 2307 871 2335 als
885 2306 1011 2334 Ponsieh
1029 2315 1049 2342 y
1064 2307 1168 2343 Camps
1187 2307 1240 2334 hat
1254 2307 1389 2341 Quiricus
1411 2309 1503 2337 selbst

213 2343 276 2370 sich
295 2344 338 2370 als
357 2343 449 2370 Autor
469 2343 517 2371 cles
537 2344 671 2379 Hymnus
690 2347 826 2380 genannt.
