1651 2518
754 130 1003 165 —166—

243 224 274 255 3.
301 223 330 254 A
353 222 421 254 Deo
445 224 645 256 constituitur

302 268 484 308 Apostolus,
511 279 599 309 quem
625 270 766 309 sequitur

302 315 407 347 Multa
429 315 575 347 miranda
599 316 718 347 faciens

298 362 436 394 Jacobus
460 362 612 402 prudens,
638 362 771 401 patiens.

237 418 269 451 4.
294 416 411 449 Frater
436 417 501 456 ejus
528 417 683 457 amabilis,

297 464 457 497 Johannes
482 463 672 496 venerabilis

295 510 351 542 Fit
374 509 500 542 insimul
527 511 708 550 discipulus,

298 558 523 597 Redemptoris
549 558 718 598 apostolus,

918 226 949 257 5.
972 225 1073 256 Ambo
1099 224 1203 257 ferant
1224 226 1266 257 ad
1288 224 1458 256 Dominum

975 271 1040 302 Nos
1065 272 1196 303 mundos
1221 271 1314 303 sorde
1340 270 1513 310 eriminum,

975 317 1051 349 Cum
1075 318 1191 349 sanctis
1215 319 1246 349 in
1273 316 1460 348 coelestibus

973 362 1076 403 Digne
1098 362 1238 395 fruamur
1263 363 1411 395 vestibus.

918 419 947 450 6.
974 418 1063 451 Unus
1087 418 1120 449 in
1144 419 1226 451 trino
1250 418 1375 450 nomine

977 464 1062 496 Deus
1088 465 1234 506 existens,
1259 464 1402 506 Domine,

977 510 1029 542 Da
1051 510 1141 542 nobis
1165 514 1241 550 apta
1265 513 1382 552 petere,

977 558 1063 597 Quae
1087 560 1229 596 optamus
1252 559 1285 589 in
1310 558 1447 591 aethere.

312 624 396 651 Brev.
417 622 621 650 Placentinum
647 623 715 658 imp.
734 623 867 650 Venetiis
895 619 976 650 1503.
996 623 1029 650 A.
1056 636 1092 640 —
1112 623 1195 650 Brev.
1217 622 1444 650 Salmanticense
1463 625 1530 658 imp.

237 660 434 688 Salmantieae
456 658 538 688 1541.
559 662 591 688 B.
611 674 647 679 -—
670 658 694 694 1,
716 659 731 687 1
752 661 902 695 Hymnum
921 660 953 687 B.
974 675 1007 679 —
1030 658 1056 694 6,
1078 657 1094 686 1
1112 660 1211 688 Unum
1229 662 1260 688 in
1277 661 1353 687 trino
1373 661 1407 687 B.

677 751 743 782 284.
782 752 825 783 De
845 751 951 781 saneto
974 750 1095 782 Jacobo.

754 817 802 846 Ad
821 816 1011 847 Noctua-uum.

239 890 270 922 1.
295 888 520 928 Hispaniarum
547 886 654 927 gloria.

296 936 387 968 Salus
412 938 506 974 atque
530 934 671 973 victoria,

296 983 415 1016 Jacobe
439 982 628 1019 beatissime,

296 1029 362 1061 Nos
386 1029 496 1061 audias
520 1028 670 1067 piissime.

237 1087 269 1117 2.
295 1084 410 1117 Confer
434 1084 536 1124 aegris
560 1082 729 1115 remedium

295 1132 484 1170 Miserisque
508 1129 710 1169 praesidium,

296 1178 346 1209 Ne
370 1177 474 1209 valeat
499 1177 674 1216 deprimere

294 1225 453 1264 Antiquae
478 1224 563 1255 virus
591 1224 727 1261 viperae.

239 1282 269 1313 3.
295 1281 419 1312 Mentes
444 1279 496 1318 pie
522 1278 723 1320 credentium,

296 1328 366 1360 Tua
389 1325 656 1366 prospicientium,

298 1373 423 1412 Sancte,
451 1372 564 1403 devota
587 1371 695 1402 limina

297 1419 394 1451 Nulla
417 1418 602 1457 perturbent
627 1417 766 1449 crimina.

912 887 943 918 4.
970 885 1047 917 Cum
1071 883 1171 916 fratre
1194 887 1247 917 tuo
1271 886 1429 924 poscimus

968 932 1120 971 Johanne‚
1147 940 1237 971 quem
1263 933 1486 972 cognoscimus,

968 980 1084 1011 Tecum
1109 979 1221 1010 sedere
1243 979 1387 1018 supplica

968 1026 1029 1057 Pro
1051 1025 1141 1057 nobis
1167 1028 1196 1056 et
1220 1024 1362 1065 purifica.

934 1106 941 1113 .
969 1081 1124 1124 Apostoli,
1151 1081 1337 1120 precamini,

968 1128 1068 1159 Deum
1094 1136 1195 1159 meum
1220 1129 1383 1169 rogamini,

969 1175 1027 1213 Qui
1050 1174 1211 1206 nobiscum
1233 1175 1437 1208 Christicolas

977 1222 1146 1253 Terrarum
1168 1222 1280 1262 jungat
1303 1222 1432 1256 incolaS.

934 1302 940 1308 .
967 1277 1055 1309 Unus
1079 1277 1112 1308 in
1136 1278 1219 1309 trino
1243 1278 1368 1310 nomine

966 1323 1053 1356 Deus
1079 1324 1240 1368 exsistens,
1266 1324 1411 1366 Domine,

969 1370 1020 1402 Da
1042 1370 1133 1402 nobis
1158 1374 1234 1410 apta
1258 1373 1377 1414 petere,

970 1417 1055 1455 Quae
1081 1420 1223 1456 optamus
1248 1419 1280 1450 in
1305 1419 1443 1451 aethere.

312 1484 395 1511 Brev.
421 1483 619 1509 Placentinum
645 1482 713 1516 imp.
737 1482 867 1509 Venetiis
897 1478 977 1508 1503.
997 1482 1030 1509 A.
1050 1496 1089 1501 ——
1107 1482 1192 1509 Brev.
1212 1483 1441 1511 Salmanticense
1460 1486 1528 1518 imp.

238 1520 431 1548 Salmantica.
455 1518 533 1546 1541.
555 1520 578 1546 B
608 1533 644 1538 ——
664 1517 694 1552 2,
717 1517 731 1545 1
754 1518 856 1546 Confer
876 1519 952 1554 ignis
974 1518 1130 1546 remedium
1150 1521 1181 1547 B.
1203 1536 1239 1540 —
1257 1519 1283 1553 2,
1303 1518 1323 1547 4
1341 1521 1433 1548 Fraus
1454 1523 1529 1549 anti-

240 1566 313 1593 quae
340 1560 459 1593 viperae
482 1558 521 1591 A3
548 1556 670 1584 Fraudis
695 1555 775 1583 virus
802 1558 919 1592 viperae
939 1557 971 1584 B.
992 1571 1028 1575 —-
1053 1554 1084 1590 4,
1110 1555 1130 1584 4
1148 1558 1232 1586 nobis
1252 1560 1283 1586 et
1300 1558 1425 1593 preifica.
1445 1560 1479 1586 B.
1493 1575 1530 1579 -

239 1595 263 1629 6,
287 1594 301 1622 1
322 1596 419 1623 Unum
439 1595 471 1621 in
490 1595 565 1621 trino
585 1594 617 1621 B.

678 1684 743 1715 285.
781 1684 824 1716 De
845 1685 949 1716 sancto
972 1685 1093 1717 Jacobo.

753 1751 800 1780 Ad
818 1751 1007 1782 Nocturnum.

241 1822 272 1853 1.
297 1821 426 1858 Jacobe,
455 1821 566 1852 ductor
589 1820 707 1861 inclite,

296 1867 432 1907 Hispani
457 1870 562 1898 rector
587 1867 729 1904 elimatis,

299 1914 391 1946 Clare
415 1916 548 1952 patrone
571 1913 703 1953 patriae,

298 1961 457 1993 Summum
483 1961 578 1992 decus
602 1960 737 1992 iberiae.

241 2019 271 2050 2.
297 2017 391 2056 Cujus
416 2016 516 2048 beatis
542 2017 639 2048 oculis

295 2064 433 2104 Fulgens
460 2063 601 2095 Christus
626 2064 784 2103 apparuit,

297 2110 390 2142 Suam
416 2110 549 2142 viventis
572 2110 703 2150 gloriam

296 2158 414 2190 Videre
439 2158 490 2196 qui
514 2160 546 2188 te
570 2157 677 2189 voluit.

915 1822 945 1853 3.
972 1821 1068 1861 Signa
1087 1822 1242 1861 surgentis
1267 1820 1342 1854 fidei

971 1868 1073 1899 Iberis
1095 1868 1204 1899 vivens
1227 1869 1336 1900 intulit

968 1914 1013 1945 Et
1035 1915 1209 1946 laureatum
1234 1916 1386 1956 sanguine

969 1960 1100 1992 Eisdem
1125 1970 1240 2001 corpus
1264 1963 1417 1996 reddidit.

912 2018 945 2049 4.
970 2017 1098 2048 Plebem
1124 2019 1319 2050 commissam
1343 2023 1483 2061 protege,

972 2063 1122 2105 Stantem,
1148 2074 1188 2096 ne
1212 2066 1315 2105 eadat,
1340 2067 1465 2108 robora,

970 2110 1068 2142 Nulla
1094 2109 1242 2143 formidet
1265 2113 1399 2144 hostium

968 2157 1067 2189 Arma
1091 2157 1147 2188 sub
1174 2161 1227 2190 tuo
1252 2160 1397 2199 tegmine.

632 2214 662 2245 5.
685 2212 733 2244 Sit
755 2213 824 2244 laus
848 2215 979 2252 paterno
1007 2213 1136 2254 numini,

689 2259 737 2291 Sit
760 2263 833 2292 nato
861 2260 954 2291 decus
981 2260 1082 2298 unico,

689 2307 785 2339 Sacro
810 2308 852 2338 sit
875 2306 974 2338 honor
997 2306 1116 2339 flamini

688 2354 725 2386 In
750 2354 907 2386 saeculum
931 2363 951 2385 a
974 2354 1108 2386 saeculo.

312 2420 396 2446 Brev.
416 2418 563 2446 Abulense
582 2399 1176 2518 imffflw
