1651 2518
687 106 919 141 -13-

158 197 237 231 dem
258 196 499 241 Repertorium
517 198 805 243 Hymnologicum
824 199 1021 235 Ghevaliers
1047 199 1124 234 eine
1140 199 1248 234 Stelle
1272 198 1455 240 gesunden.

157 252 213 287 Da
243 252 297 287 ich
323 254 441 289 diesen
470 254 666 300 „Hymnus“
694 255 822 301 fuglich
845 257 940 291 nicht
962 257 998 291 in
1023 256 1136 290 meine
1160 255 1361 297 Sainmlung
1385 255 1457 291 auf-

159 309 352 345 zunehmen
377 319 527 355 vermag,
555 311 623 347 will
650 312 704 347 ich
731 313 939 354 demselben‚
967 312 1075 347 damit
1099 312 1194 346 nicht
1218 312 1273 346 ein
1297 311 1458 353 fleissiger

158 365 333 401 Benutzer
359 366 419 402 des
435 366 696 411 Repertoriums
720 369 781 404 ihn
797 369 973 411 vermisse,
998 368 1074 403 hier
1094 368 1171 403 eine
1186 367 1295 403 Stelle
1311 371 1457 409 gonnen.

159 421 210 457 Er
244 423 337 457 steht
362 421 444 458 God.
471 424 646 459 Matriten.
682 425 725 459 ol.
752 424 909 460 Toletan.
945 422 1069 458 14-‹1.
1103 433 1191 459 saec.
1219 423 1322 458 1112
1345 424 1460 459 hinter

162 479 223 515 ‹ler
244 479 421 522 Expositio
439 479 653 515 Psalmorum
674 480 790 516 Sancti
806 479 988 523 Augustini
1014 480 1084 515 und
1109 480 1170 514 hat
1195 480 1260 515 (len
1278 478 1459 515 Schreiber

163 535 222 570 des
249 534 364 570 Codex
388 545 466 569 zum
493 535 680 571 Verfasser.
730 536 796 571 Die
821 534 1010 571 Aufsehrift
1033 535 1163 570 lautet:
1198 536 1348 570 Metrum
1373 535 1458 580 Sap-

162 591 297 636 phicum
332 593 491 627 constans
524 602 565 627 ex
598 593 776 636 trochaeo,
815 593 1007 636 spondaeo,
1045 592 1200 636 dactylo3
1235 592 1377 626 ultimus
1407 592 1459 626 in-

163 646 363 683 differenter
395 648 543 692 ponitur.
602 647 699 690 Quod
734 649 872 694 quidam
907 649 1030 684 cecinit
1061 649 1095 683 in
1128 649 1303 684 hilaritate
1335 649 1459 684 mentis

164 713 247 738 suae
269 703 360 739 infra
383 706 500 748 portas
524 704 617 740 filiae
642 704 724 741 Sion
750 715 864 741 coram
889 704 1068 741 fratribus:

487 772 569 804 Dum
597 772 674 804 cibis
701 782 814 813 corpus
838 773 970 805 modicis
997 773 1129 815 fovetur,

489 820 619 861 Pinguis
644 829 663 851 a
688 830 778 852 iunia
802 820 980 853 stomachus
1004 820 1180 860 marcescit,

484 866 607 900 Dumve
631 876 694 899 non
718 868 825 907 pinsat
848 868 955 907 puteal
979 867 1079 907 palati

578 913 716 954 Crapula
739 914 852 954 putris,

485 980 597 1013 Cordis
622 980 763 1020 ignescat
787 988 955 1021 generosus
979 980 1085 1019 ardor,

486 1026 605 1058 Mentis
631 1031 793 1059 excrescat
815 1027 869 1066 pia
893 1026 1058 1066 fortitudo,

486 1072 625 1114 Longius
649 1074 755 1114 prisca
779 1074 901 1106 tretrici
926 1073 1034 1115 fugata

585 1120 731 1153 Criminis
759 1121 829 1153 offa.

486 1187 603 1219 Mentis
629 1189 664 1218 ut
687 1186 816 1219 frondes
841 1187 1003 1226 Zephyrus
1030 1186 1165 1218 virentes

485 1234 577 1266 Veris
601 1242 729 1265 accessu
753 1233 877 1266 revehit
898 1235 1042 1273 tepentes

489 1281 551 1313 Seu
575 1281 662 1314 velut
686 1281 779 1312 tellus
803 1279 972 1319 liquefacta
995 1280 1089 1312 sulcis

585 1327 694 1368 Gignit
717 1328 854 1367 orexim3

486 1394 638 1426 Mollibus
660 1394 706 1425 sic
730 1403 786 1426 nos
811 1393 978 1426 moderans
1002 1392 1133 1424 habenis

487 1441 640 1482 Suggerat
660 1442 743 1473 vires
768 1440 844 1473 vitio
870 1442 1023 1479 carentes,

490 1488 597 1520 Dedat
622 1490 653 1519 et
675 1487 766 1519 fietus
790 1487 903 1519 nimios
928 1487 1035 1519 ocellis

581 1535 717 1574 Spiritus
743 1535 851 1566 almus.

489 1600 559 1632 Hoc
582 1601 750 1640 Augustini
774 1600 881 1632 studui
907 1600 1060 1640 volumen,

488 1649 572 1680 Dum
596 1647 684 1679 rudis
706 1655 833 1679 normae
856 1648 992 1679 modulis
1019 1646 1158 1685 docerer,

490 1694 573 1726 Dum
597 1694 652 1734 pia
675 1693 790 1726 fratres
813 1694 994 1726 Aderaldus
1017 1692 1115 1725 abbas

585 1740 671 1780 Lege
695 1741 834 1781 regebat,

491 1808 541 1838 Ac
564 1808 662 1846 regat,
689 1807 796 1849 glisco,
825 1806 989 1838 diuturnus
1015 1814 1101 1847 aevo,

490 1854 546 1887 Bis
570 1853 651 1886 mori
670 1862 729 1893 pro
754 1864 815 1894 quo
840 1855 967 1892 paterer
990 1854 1136 1894 libenter,

493 1902 526 1934 Si
550 1902 602 1934 vel
625 1901 767 1932 undenos
792 1900 854 1933 sibi
876 1901 956 1933 lucis
980 1902 1089 1933 auctor

583 1948 728 1982 Adderet
753 1956 860 1980 annos.

493 2015 549 2048 Cui
574 2015 661 2047 Deus
685 2013 784 2046 fidum
809 2014 932 2046 socians
957 2015 1125 2057 alumnum,

491 2064 589 2103 Quem
612 2062 666 2102 pie
690 2060 766 2093 forti
792 2061 953 2100 conjunxit
976 2058 1048 2105 [sic]
1073 2063 1221 2103 priorem,

493 2110 661 2150 Corrigens
685 2118 796 2149 segnes
821 2109 941 2148 pietate
963 2110 1049 2142 mitis

585 2157 758 2196 Temperat
782 2164 900 2190 omnes,

491 2224 598 2265 Qualis
625 2231 758 2256 aurorae
782 2222 916 2254 rutilans
942 2222 981 2254 ab
1006 2225 1078 2255 ortu

490 2271 636 2305 Phoebus
661 2270 795 2302 albescit
818 2270 908 2301 radio
932 2270 1071 2310 micanti,

492 2319 604 2352 Noctis
628 2318 755 2351 incusas
778 2317 941 2358 speciosus
965 2318 1033 2350 alas

587 2366 748 2407 Rumpere
773 2367 880 2406 curat3
