1651 2518
696 106 952 141 —203—

181 199 199 230 3
238 198 440 232 Patriarchas
463 198 528 231 fide
551 200 675 238 pollens
854 203 885 234 5.
913 201 1102 241 Virginitate
1124 203 1246 242 rutilas,

237 245 472 285 Prophetasque
493 246 641 286 consiliis,
909 248 1074 279 Miraculis
1098 249 1228 289 insignis
1251 258 1297 290 es3

234 293 403 332 Apostolos
429 295 553 324 secutus
579 296 627 324 est
909 294 980 326 Hoc
1004 303 1078 327 vere
1103 295 1164 327 sibi
1191 297 1359 336 condonas,

234 339 417 371 Consors
433 340 793 379 paterniluminiS.
911 342 1100 385 Christe,
1138 343 1208 382 qui
1245 344 1315 375 lux
1353 352 1394 375 es
1432 347 1468 375 et

1248 390 1287 422 di
1297 398 1314 421 e
1322 399 1347 423 S.

174 443 205 475 4.
233 441 366 474 Carnem
393 443 522 475 domans
544 444 672 483 jejuniis
853 446 884 477 6.
912 444 1021 476 Gloria
1045 444 1114 486 tibi,
1141 445 1285 486 Domine,

231 489 372 529 Sumpsit
395 499 491 531 grave
514 491 700 531 martyrium
909 492 967 531 Qui
989 491 1178 525 Leonhardo
1203 493 1317 533 gaudia

231 537 277 568 Te
301 538 468 577 insequens
494 537 618 578 vigiliis,
909 538 1027 579 Bonas,
1055 541 1086 570 et
1109 539 1200 571 nobis
1225 540 1330 572 tribue

232 583 419 627 Christe,
445 594 488 616 re
500 585 517 616 d
530 588 695 625 emptor
720 595 790 617 om·
908 586 936 616 A
948 588 1095 618 eterna
1120 586 1267 618 Christi
1296 596 1467 621 munera.

567 642 587 663 n
596 642 608 663 1
616 642 637 664 u
645 642 685 665 m.

249 697 333 724 Brev.
354 706 406 725 ms.
420 697 593 724 Toletanum
613 705 687 724 saec.
710 696 753 724 14.
770 697 837 725 Cod.
851 698 997 725 Matriten.
1011 697 1054 725 Ff.
1077 696 1138 726 147.
1159 713 1195 717 —
1209 697 1235 732 5,
1258 696 1272 725 1
1287 699 1419 726 rutilans.

620 796 686 828 353.
729 797 771 828 De
791 798 899 828 sancta
917 797 1019 828 Lucia.

670 864 706 893 In
725 863 813 901 Vesp.
836 867 865 893 et
882 863 976 893 Laud.

175 934 204 965 1.
231 933 349 965 Luciae
374 932 455 964 festo
481 933 622 973 virginis⁷
851 934 882 966 4.
909 933 985 964 Post
1010 933 1110 964 minas
1137 933 1224 965 ducis
1249 934 1347 973 impii2

229 981 361 1012 Aeterni
385 988 521 1019 sponsae
545 980 691 1019 numinis,
908 979 1015 1019 Ignem
1038 979 1198 1019 ictumque
1222 981 1319 1020 gladii

231 1027 346 1059 Eidem
371 1036 487 1070 sponso
514 1027 636 1058 cantica
907 1026 937 1057 A
961 1025 1085 1057 Christo
1111 1035 1180 1058 cum
1204 1027 1337 1058 victoria

235 1074 345 1105 Laude
371 1075 479 1106 demus
504 1072 680 1113 magnifica.
908 1072 1086 1112 Suscipitur
1110 1074 1143 1104 in
1169 1074 1278 1113 gloria.

176 1132 206 1162 2.
233 1130 322 1161 Haec
348 1130 434 1170 virgo
460 1130 593 1170 pulchra
619 1128 710 1169 faeie,
851 1130 881 1162 5.
909 1128 994 1171 Jesu,
1023 1137 1137 1161 corona
1161 1130 1325 1172 virginum,

235 1178 360 1209 Decora
382 1177 496 1208 mentis
522 1177 599 1216 acie,
908 1175 1091 1207 Coelestium
1118 1177 1172 1208 lux
1198 1177 1364 1216 agminum,

233 1223 367 1255 Suffulta
393 1224 507 1256 Christi
534 1224 636 1263 gratia
907 1222 1010 1262 Hujus
1035 1226 1166 1261 precatu
1189 1224 1319 1263 virginis

230 1270 344 1302 Mundi
370 1271 504 1303 calcavit
526 1271 614 1304 vitia,
907 1269 974 1301 Nos
998 1270 1085 1301 solve
1109 1279 1191 1302 nexu
1217 1271 1364 1304 oriminis

172 1328 202 1359 3.
230 1326 399 1358 Mortalem
424 1336 572 1366 sponsum
599 1326 757 1365 deserens,
850 1326 880 1358 6.
907 1325 987 1365 Regi
1013 1326 1090 1357 coeli
1116 1327 1156 1358 sit
1179 1327 1279 1368 gloria

230 1374 361 1405 victuro
386 1382 510 1414 semper
533 1374 710 1411 inhaerens,
907 1373 969 1405 Pro
995 1372 1124 1412 virginis
1150 1374 1282 1405 victoria

230 1420 347 1461 Egenis
373 1419 463 1453 dedit
486 1420 591 1452 omnia
906 1419 1029 1459 Detque
1053 1421 1116 1451 suis
1141 1420 1287 1452 fidelibus

231 1467 366 1499 Paterna
388 1477 484 1500 manu
509 1468 648 1507 propria.
904 1466 1050 1506 Regnare
1073 1466 1106 1499 in
1133 1468 1329 1501 coelestibus.

246 1531 330 1558 Brev.
358 1540 410 1558 ms.
431 1531 684 1567 Calagum-itanum
705 1538 779 1557 saec.
802 1528 845 1558 15.
869 1529 937 1557 Cod.
958 1527 1163 1557 Salmanticen.
1186 1528 1246 1558 15²6.
1268 1532 1301 1558 A.
1322 1545 1358 1549 —-
1380 1531 1462 1558 Brev.

173 1568 427 1604 Calagum-itanum
448 1572 477 1596 et
489 1568 645 1595 Calciaten.
666 1569 735 1604 imp.
757 1568 894 1595 Lueronii
919 1565 999 1595 1543.
1020 1567 1052 1593 B.

620 1679 687 1710 354.
729 1680 770 1710 De
790 1680 899 1710 saneta
917 1679 1021 1710 Lucia.

686 1745 734 1775 Ad
754 1746 800 1775 No
804 1749 944 1775 eturnum.

172 1818 199 1849 1.
229 1817 406 1850 Laudemus
433 1816 590 1848 Christum
605 1815 786 1854 Dominum,
843 1816 875 1848 4.
900 1814 1014 1846 Illaesa
1039 1819 1126 1847 stans
1151 1816 1183 1846 in
1207 1816 1310 1847 medio

227 1864 342 1903 Regem
366 1872 576 1903 sponsumque
602 1862 764 1905 virginum,
904 1862 998 1901 Virgo
1024 1870 1173 1901 percussa
1198 1863 1302 1902 gladio

226 1913 261 1944 ln
290 1913 348 1944 hoc
372 1910 453 1943 festo
479 1911 628 1951 virgineo,
901 1909 1059 1941 Insultans
1085 1909 1283 1941 carnificibus

225 1959 322 1992 Sacro
348 1967 458 1990 cruore
482 1967 582 1990 roseo.
901 1956 1047 1987 Solamen
1072 1958 1127 1989 dat
1150 1956 1307 1990 fidelibus,

167 2019 195 2049 2.
221 2017 310 2049 Haeo
334 2024 467 2056 namque
493 2015 580 2055 virgo
605 2014 730 2053 nobilis,
844 2015 874 2046 5.
900 2013 989 2044 Tune
1013 2017 1133 2054 martyr
1158 2012 1235 2045 felix
1259 2014 1402 2046 inclitum

224 2064 324 2097 Lucia
348 2063 548 2103 venerabilis,
900 2060 967 2093 Deo
993 2060 1137 2094 reddidit
1160 2061 1315 2103 spiritum,

223 2111 323 2144 Matri
347 2110 509 2151 languenti
534 2110 673 2150 graviter
901 2107 1074 2147 Oonjuncta
1098 2109 1192 2140 choro
1217 2109 1371 2149 virginum

224 2160 364 2192 Salutem
391 2158 478 2190 dedit
500 2158 643 2198 largiter.
900 2154 966 2187 Dat
984 2156 1094 2188 laudes
1118 2156 1201 2196 patri
1227 2156 1388 2189 luminum.

165 2219 196 2251 53.
225 2217 420 2257 Contemptis
445 2216 553 2256 sponsi
577 2214 697 2254 nuptiis
843 2214 872 2246 6.
900 2212 924 2245 Ο
952 2212 1086 2252 Christe,
1113 2221 1185 2253 spes
1210 2212 1361 2256 fidelium⁷

224 2265 415 2305 Cunctisque
441 2263 544 2296 carnis
571 2262 655 2294 vitiis
901 2260 963 2292 Per
988 2259 1117 2299 virginis
1141 2261 1341 2300 praeconium

222 2312 336 2352 Spreto
363 2313 442 2344 duce
466 2310 635 2344 Paschasio
903 2307 970 2339 Fae
994 2316 1050 2339 nos
1075 2308 1107 2339 in
1134 2308 1212 2340 coeli
1238 2309 1326 2341 curia

222 2361 301 2393 Dire
328 2360 421 2392 datur
445 2358 602 2391 incendio.
903 2355 978 2387 Cum
1004 2356 1120 2387 sanctis
1145 2355 1208 2387 frui
1232 2357 1341 2396 gloria.
