1651 2518
675 111 928 147 —123—

425 206 455 237 3.
481 206 596 238 Vincla
621 208 671 238 oui
695 208 819 248 plantas
844 208 982 248 religant
1006 215 1177 246 manusque

483 253 528 285 Et
554 253 621 285 dies
646 258 765 294 septem
791 255 979 295 prohibetur
1004 264 1084 296 esca,

482 300 631 340 Paneque
657 303 735 333 coeli
760 302 915 342 Satiatque
941 305 1018 342 potu

528 347 669 387 Angelus
693 349 793 383 illam.

422 422 454 453 4.
481 420 588 453 Tuber
613 425 661 454 est
682 423 786 455 vuitus
811 423 974 463 alapisque
1002 431 1121 462 caesus,

480 468 627 501 Crinibus
652 471 793 509 pendens
819 470 921 510 agitur
946 479 1005 510 per
1029 478 1131 509 auras,

482 515 597 554 Sospes
623 525 642 548 a
665 515 791 549 flamma
814 517 973 550 relevatur
995 518 1076 558 ignis

530 563 629 603 Virgo
656 564 778 597 decora.

424 637 456 669 5.
482 638 564 677 Quas
588 641 683 678 parat
703 642 805 671 tortor
830 639 916 670 eadit
937 639 1032 679 inque
1056 647 1182 679 poenas,

480 685 575 717 Hune
598 688 687 717 rotae
712 687 847 718 caedunt
869 686 1011 718 lacerant
1033 685 1189 725 feraeque,

480 732 615 764 Tradita
638 733 687 764 his
711 733 800 773 virgo
824 733 1030 773 crucibusque
1053 732 1092 765 ab
1117 733 1181 765 illis

548 778 665 810 Libera
687 781 813 812 mansit.

422 855 453 886 6.
480 853 609 886 Numini
633 855 715 887 trino
739 854 868 887 monadi
891 856 1051 895 salusque,

480 901 590 933 Gloria
614 904 662 932 est
686 903 771 941 patri
795 902 960 942 genitoque
985 910 1119 941 carmen,

478 948 614 980 Flamini
640 949 750 989 virtus,
776 949 876 980 honor
900 958 1026 988 aequus,
1052 948 1137 980 idem

526 994 661 1035 Compar
683 996 818 1036 utrique.

223 1069 306 1096 Brev.
326 1068 468 1097 Auriense
486 1072 555 1106 imp.
577 1068 778 1098 Salmantieae
798 1068 879 1097 1501.

564 1208 626 1240 190.
665 1209 709 1240 De
729 1209 838 1240 saneta
856 1208 1038 1249 Euphemia.

700 1296 748 1325 Ad
766 1295 890 1325 Laudes.

417 1385 447 1416 1.
472 1385 588 1426 Pange,
617 1384 783 1424 Chalcedo,
810 1392 984 1423 resonaque
1007 1384 1153 1423 psalmOS‚

476 1431 611 1463 Vocibus
638 1432 752 1462 clames
777 1430 936 1462 hominum
962 1430 1111 1469 canendo,

475 1478 635 1519 Virginum
662 1482 767 1510 coetus
792 1479 960 1517 superique
983 1478 1123 1517 psallant

521 1526 666 1558 Carmine
689 1526 781 1557 laeto.

417 1593 448 1623 2.
474 1592 571 1632 Virgo
596 1591 748 1623 transfixa
771 1592 853 1623 latus
879 1591 1055 1630 occiditque

475 1638 570 1678 Ense,
597 1648 688 1678 quam
714 1639 855 1671 Christus
880 1638 1018 1669 thalamo
1043 1637 1169 1675 locavit,

476 1685 611 1726 Nuptias
637 1695 704 1717 cum
730 1695 792 1726 qua
817 1684 956 1716 celebrat
974 1689 1113 1716 sacratas

522 1732 633 1765 Sidere
656 1733 688 1764 in
712 1733 790 1765 alto.

416 1801 448 1833 3.
473 1799 557 1831 Diva
579 1799 636 1830 ubi
660 1798 760 1839 fulges
785 1799 929 1831 radiante
952 1799 1032 1839 luee,

473 1847 606 1886 Laurea,
632 1847 772 1887 gemmis,
798 1846 945 1878 redimita
969 1846 1072 1888 sertis⁷

463 1893 606 1927 Candida
630 1894 712 1926 stola
734 1893 893 1933 rubeoque
918 1893 1034 1925 amictu

520 1941 601 1974 Tota
626 1942 751 1975 deeora.

415 2009 447 2041 4.
473 2009 597 2048 Sponsa
620 2010 655 2039 tu
681 2006 807 2048 Christi,
834 2007 976 2046 speciosa
1000 2008 1110 2049 amica,

472 2056 521 2087 Tu
544 2054 604 2087 Dei
628 2056 789 2097 templum,
817 2062 907 2086 soror
932 2055 1122 2094 angelorum,

473 2103 618 2144 Virgines
644 2103 727 2134 inter
750 2103 804 2142 pia
827 2105 1062 2142 martyrumque

519 2150 655 2190 Agmina
678 2151 806 2190 gaudes,

413 2219 444 2250 5.
470 2217 555 2250 Eece
579 2225 635 2248 nos
657 2216 733 2248 laeti
758 2214 867 2248 famuli
891 2224 1067 2257 precamur,

468 2265 586 2298 Filium
614 2264 696 2296 celso
721 2263 872 2304 genitoris
897 2272 961 2306 ora,

467 2313 588 2345 Abluat
611 2314 751 2351 peccata,
777 2310 861 2343 ferat
884 2314 920 2342 ut
943 2319 1080 2351 superna

516 2359 641 2392 Gaudia
664 2359 765 2392 nobis.
