1651 2518
673 105 929 139 “267—

152 193 182 224 3.
209 192 313 225 Julius
342 195 406 226 dux
429 194 588 234 Uriorum,
833 200 863 232 4,
890 198 969 230 Dire
993 199 1093 230 saevit
1117 199 1150 230 in
1173 200 1307 239 puellas,

208 238 308 271 Prece
335 241 446 272 ductus
470 241 692 285 Romanorum,
893 244 993 276 Orbat
1015 245 1086 275 luce
1111 246 1212 277 claras
1237 247 1355 286 stellas,

207 284 308 318 Manu
334 286 431 318 fultus
455 286 623 327 impiorum
886 289 992 321 Durus
1016 290 1116 321 hostis
1139 300 1209 323 nam
1236 293 1368 324 tenellas

256 332 475 372 Exspectabat
496 334 577 366 haec
600 335 697 367 milia.
934 336 1042 368 Sectat
1065 345 1149 378 ense,
1172 338 1296 376 jaculis.

548 409 580 440 5.
605 408 691 451 Jesu‚
718 409 803 439 salus
827 407 1033 450 infirmorum,

602 454 721 494 Robur,
750 454 860 486 dulcor
884 455 1067 496 animorum,

604 500 702 532 Pastu
725 509 822 539 pasce
846 509 903 533 nos
928 511 1068 534 amorum

650 548 728 580 Cum
752 549 870 579 sanctis
895 548 928 578 in
951 549 1060 587 gloria.

224 621 308 649 Brev.
329 630 382 649 ms.
401 621 561 648 Illerdense
581 629 655 648 saec.
677 618 720 649 14.
742 620 810 648 Cod.
834 621 928 656 Capit.
948 621 1098 649 Illerdens.
1122 620 1164 651 12.
1184 623 1218 650 A.
1238 636 1274 641 —
1289 624 1369 651 Brev,
1394 633 1446 652 ms.

149 659 307 687 lnerdense
329 660 398 687 anni
418 656 500 686 1451.
523 658 591 687 Cod.
614 659 708 694 Capit,
726 658 862 686 Illerclen.
889 667 911 685 s.
937 668 966 686 n.
985 660 1019 686 Β.
1039 674 1077 678 -—
1096 660 1180 687 Brev.
1200 660 1361 689 mei-dense
1380 671 1449 698 imp.

150 696 274 725 Illerdae
304 695 383 725 1479.
405 695 435 723 C.
456 711 493 716 —
513 698 595 725 Brev.
616 693 777 724 Illerdense
800 698 869 732 imp.
890 704 932 723 ca.
955 694 1033 724 1533Δ
1056 712 1094 717 —
1115 696 1139 731 1,
1169 696 1183 725 1
1204 698 1307 726 Maure
1326 701 1451 726 nautant

149 736 187 766 B;
208 735 320 762 Nautae
341 737 465 762 nautant
482 735 516 762 A.
537 749 573 755 —
594 732 619 768 2,
643 733 657 761 1
679 734 862 762 Comitantur
881 734 916 760 D.
937 750 974 753 n
997 732 1024 768 2,
1046 731 1063 760 2
1082 734 1215 762 Delitare
1235 735 1272 770 O,
1299 737 1345 764 De
1362 736 1435 763 litor:

149 775 321 822 reputant-1113
336 773 373 800 D.
395 787 431 791 -—
451 770 477 806 3,
500 771 514 800 1
536 771 593 799 dux
613 773 785 800 Hunnorum
805 772 849 808 D;
870 771 925 798 lies
939 771 1103 799 Ubiorum?
1180 771 1206 806 4,
1231 771 1331 800 lMira
1357 781 1382 800 sc
1411 775 1449 801 v·ii:

151 810 182 838 Ο.
201 826 239 831 ——
256 809 283 844 4,
304 810 322 838 ἱ)
341 809 415 838 fehlt
433 810 467 837 A.

577 958 644 989 468.
684 958 727 989 De
746 959 854 989 saneto
874 957 1013 990 Valerio.

160 1049 190 1081 1.
218 1047 335 1080 Christi
356 1047 446 1078 miles
470 1047 511 1079 ad
535 1045 611 1079 fidei
830 1047 863 1079 3.
887 1045 939 1078 Ab
966 1046 1103 1078 obsessis
1132 1045 1317 1086 corporibus

259 1103 321 1126 non
345 1094 455 1126 tardus
479 1094 649 1134 praeconia
935 1094 1023 1133 ejicit
1046 1093 1220 1133 daemonia,

211 1141 306 1174 Haud
333 1142 461 1182 expavit
482 1141 619 1174 Daciani
886 1140 1073 1173 Pontificem
1096 1141 1251 1174 relevavit

256 1189 411 1228 praesidis
436 1188 602 1229 supplicia.
935 1189 1091 1228 sepultum
1118 1189 1159 1221 ad
1185 1189 1275 1221 ostia.

152 1276 184 1306 2.
213 1273 370 1305 Christum
395 1273 496 1305 Deum
520 1275 552 1306 in
577 1274 677 1314 ipsius
826 1275 858 1306 4.
885 1273 983 1313 Quam
1008 1274 1154 1315 plurimis
1184 1274 1352 1314 captivatis

259 1320 408 1353 confitens
435 1321 625 1361 praesentia,
930 1321 1078 1361 praebuit
1103 1322 1231 1364 auxilia,

214 1367 307 1400 Unde
330 1372 442 1408 potens
467 1371 499 1400 et
521 1369 705 1409 praeclarus
883 1368 1120 1409 Languentibus
1144 1372 1175 1401 et
1199 1369 1337 1409 aegrotis

255 1415 286 1446 in
313 1416 440 1447 coelesti
465 1417 560 1448 curia.
935 1416 1068 1448 contulit
1092 1417 1241 1449 remedia.

549 1492 582 1523 5.
608 1490 715 1530 Ipsum
740 1499 813 1531 ergo
839 1491 1054 1532 deprecemur,

652 1540 688 1568 ut
711 1546 768 1569 sua
792 1538 958 1570 clementia

609 1584 675 1616 Nos
701 1586 898 1617 commendet
919 1584 999 1625 Deo,
1026 1585 1113 1624 cujus

654 1631 848 1664 redundavit
871 1632 983 1671 gratia.

232 1705 317 1732 BreV.
345 1714 397 1733 ms.
423 1704 600 1732 Pinnatense
624 1713 699 1732 saec.
726 1702 769 1732 13.
795 1705 864 1733 Cod.
889 1705 1047 1734 Scorialen.
1074 1706 1097 1732 P
1122 1707 1168 1735 111
1190 1706 1233 1734 14.
1254 1707 1287 1734 A.
1333 1724 1344 1725 e
1365 1707 1451 1735 Brev.

158 1742 458 1778 Caesaraugustanum
479 1744 548 1779 imp.
567 1742 699 1770 Venetiis
722 1740 802 1769 1496.
822 1744 855 1770 B.

567 1888 634 1919 469.
674 1889 716 1920 Dc
735 1890 839 1921 sancto
857 1888 1046 1922 victoriano.

697 1974 745 2004 Ad
764 1974 918 2013 Vesperas.

162 2067 192 2100 1.
220 2065 356 2106 Christe,
382 2073 439 2097 rex
461 2064 634 2096 saeclorum
652 2063 758 2103 decus,
841 2066 872 2097 2.
899 2063 1033 2097 Sanctus
1055 2064 1108 2096 hic
1130 2066 1330 2098 Victorianus

265 2122 377 2145 sensus
400 2112 492 2144 nobis
517 2111 618 2152 aperi,
946 2115 1038 2151 gente
1063 2110 1125 2143 fuit,
1149 2113 1260 2156 Italae,

217 2160 346 2194 Laudes
370 2162 407 2192 ut
431 2159 616 2199 victoriani,
898 2159 927 2190 A
952 2159 1125 2198 primordio
1151 2160 1277 2193 vivendi

266 2207 458 2240 confessoris
481 2206 594 2248 incliti,
943 2206 1034 2238 bonis
1059 2207 1182 2246 pollens
1207 2208 1357 2249 moribus,

218 2256 398 2289 Decantare
422 2255 583 2287 valeamus
898 2253 1013 2285 Orbem
1037 2252 1105 2286 fere
1129 2255 1182 2294 qui
1206 2256 1342 2295 replevit

266 2303 363 2335 corde
386 2302 445 2334 tibi
469 2301 589 2334 humili.
944 2301 1069 2333 monitis
1093 2301 1283 2335 salubribus,
