1651 2518
756 121 794 128 --
846 101 1007 136 266*

237 202 267 232 3.
294 199 342 229 Tu
365 207 447 238 ergo,
475 198 607 237 Christe,
637 198 775 228 noctium
904 196 935 227 4.
961 195 1006 227 Ut
1031 202 1100 224 cum
1127 192 1193 225 dies
1221 191 1395 230 advenerit,

292 245 533 284 Illustratorque
558 244 707 283 cordium,
963 241 1031 279 Qua
1051 239 1145 278 justis
1173 239 1274 270 dices:
1300 238 1415 277 venite,

295 291 435 323 Obscura
458 294 539 332 sunt,
565 290 718 328 illumina,
962 288 1065 320 Simus
1092 287 1131 318 de
1155 286 1214 326 his,
1241 285 1294 324 qui
1319 284 1467 317 audient:

293 338 376 369 Vera
398 336 567 369 infundens
591 336 718 373 lumina.
962 332 1015 366 Ad
1037 341 1135 373 regna
1157 333 1258 372 patris
1283 332 1337 365 ite.

626 413 657 444 5.
685 409 794 441 Gloria
816 417 931 448 sponso
956 408 1119 447 virginum.

310 485 393 512 Brev.
413 493 465 511 ms.
486 484 514 511 S.
535 484 684 510 Benedicti
701 482 909 510 Vallisoletani
929 490 1003 509 saec.
1026 479 1070 508 14.
1091 480 1160 509 God.
1180 480 1338 508 Seorialen.
1357 479 1381 507 P
1400 479 1431 507 ΙΙ
1452 479 1477 507 1.

667 628 734 659 466.
773 627 816 658 De
836 628 946 659 saneta.
964 627 1086 659 Ursula.

723 713 757 742 1n
777 713 865 750 Vesp.
886 716 916 742 et
932 712 1026 742 Laud.

236 803 268 835 1.
294 801 405 833 Flores
429 800 536 840 legant
560 801 732 831 venustatis
904 802 935 833 4.
962 800 1072 832 Turris
1097 799 1162 832 fide
1190 799 1343 841 radicata,

292 849 459 879 Amatores
484 846 649 889 castitatis,
964 847 1027 887 Spe
1053 846 1178 878 virtutis
1205 847 1337 885 elevata,

292 894 418 926 Laudes
442 896 590 933 promant
614 894 810 933 desponsatis
964 893 1103 925 Caritate
1129 893 1262 925 dilatata

339 940 418 981 Regi
441 940 623 980 pudicit-iae.
1008 941 1074 973 Dat
1099 940 1274 980 exemplum
1298 940 1443 979 posteris

234 1028 265 1058 2.
293 1024 480 1057 sectatrices
505 1024 656 1066 veritatis,
907 1026 937 1058 5.
964 1024 1122 1057 Aethereo
1149 1024 1366 1067 desponsatur,

292 1071 487 1104 Servatriees
509 1071 658 1110 puritatis
961 1071 1094 1103 Maurus
1117 1079 1237 1111 pavens
1259 1072 1448 1113 consolatur,

291 1118 383 1150 Nune
407 1118 552 1149 victrices
578 1126 646 1148 cum
671 1116 771 1149 beatis
963 1119 1032 1150 Rex
1057 1117 1181 1157 gentilis
1206 1117 1385 1157 baptizatur

334 1165 465 1196 Lustrat
486 1165 533 1196 so]
554 1163 705 1202 justitiae.
1011 1164 1170 1197 suadente
1193 1163 1268 1196 filio.

233 1251 264 1283 3.
291 1248 369 1280 Orta
391 1248 492 1287 stirpe
516 1256 666 1288 generosa
905 1250 936 1281 6.
961 1249 1047 1280 Hinc
1072 1248 1186 1280 etenim
1212 1246 1400 1280 confluentes

290 1295 417 1328 Cunctis
442 1294 502 1326 fuit
526 1295 671 1334 gratiosa,
960 1295 1105 1334 Virgines
1130 1298 1203 1326 sunt
1227 1298 1406 1327 exercentes

290 1341 401 1385 Sagax,
422 1344 577 1381 constans,
603 1341 747 1380 speciosa
961 1342 1044 1373 Belli
1066 1342 1167 1380 ludos,
1193 1350 1276 1373 nune
1300 1342 1471 1384 vincentes,

337 1388 454 1420 Ursule.
477 1395 554 1426 prae
579 1387 701 1418 ceteris.
1009 1387 1102 1420 Nunc
1127 1386 1232 1427 fugam
1262 1388 1470 1421 dissimulant.

626 1463 656 1494 7.
682 1461 807 1493 Laudes
832 1461 899 1494 Deo
923 1460 1106 1503 referamus,

682 1508 735 1539 Illi
759 1508 818 1539 soli
842 1508 1027 1548 serviamus,

681 1553 776 1593 Cujus
800 1555 866 1586 vita
890 1555 1070 1587 veneranda

680 1600 740 1632 Est
763 1602 796 1633 in
820 1602 937 1633 sanctis
961 1602 1155 1635 admiranda.

309 1678 393 1704 Brev.
417 1684 469 1703 ms.
487 1675 645 1703 Elei-dense
671 1683 745 1702 saee.
767 1673 811 1702 14.
831 1675 902 1703 Coa.
922 1675 1015 1711 Capit.
1034 1676 1169 1704 Iliertien.
1191 1674 1235 1702 12.
1255 1675 1289 1703 A.
1309 1691 1345 1695 —
1364 1676 1448 1704 Brev.
1468 1685 1520 1704 ms.

231 1715 390 1742 Illerdense
410 1714 479 1741 anni
505 1710 584 1740 1451.
608 1712 674 1739 Ood.
698 1711 789 1747 Capit.
809 1712 943 1740 Illerden.
971 1722 993 1740 s.
1019 1722 1046 1739 n.
1068 1715 1099 1741 Β.
1121 1728 1157 1732 ——
1178 1714 1261 1741 Brev.
1275 1713 1433 1741 Illerdense
1451 1715 1519 1750 imp.

231 1752 356 1781 merdae
371 1749 451 1779 1479.
467 1750 496 1778 Ο.
563 1751 644 1777 Brev.
658 1749 816 1777 Illerdense
828 1751 896 1786 imp.
912 1758 952 1777 ca.
969 1749 1049 1779 1533.
1064 1752 1100 1778 D.
1114 1766 1151 1771 -—
1164 1749 1190 1785 2,
1204 1750 1223 1778 4
1235 1751 1397 1779 Perlustrat
1411 1751 1468 1779 OD.
1482 1766 1521 1771 -—

234 1788 262 1825 3,
291 1789 306 1817 1
330 1790 409 1816 Mira
433 1789 523 1823 stirpe
549 1787 579 1814 C.
605 1802 643 1806 --
660 1785 688 1821 4,
712 1785 733 1813 4
755 1788 803 1814 Da
830 1788 991 1822 exemplum
1019 1788 1062 1823 D3
1088 1789 1132 1816 Ad
1157 1788 1318 1824 exemplum
1343 1789 1373 1817 G.
1394 1805 1405 1809 -
1423 1806 1429 1809 -
1451 1788 1478 1823 5,
1504 1788 1519 1816 1

233 1827 330 1855 Sthrffl
358 1826 391 1862 Ο,
412 1825 522 1854 falsche
539 1825 658 1853 Initiala
679 1825 709 1850 G.
729 1839 766 1843 —
785 1822 810 1858 6,
831 1822 848 1852 3
868 1824 951 1852 Bella
971 1826 1034 1860 0D;
1054 1834 1112 1853 non
1132 1826 1263 1861 fugantes
1278 1827 1337 1854 OD.

666 1970 731 2002 467.
769 1970 811 2002 De
831 1972 937 2002 saneta
956 1971 1080 2003 Ursule..

748 2056 796 2086 Ad
815 2056 1002 2087 Nocturnum.

238 2148 269 2181 1,
294 2146 385 2178 Mare
410 2146 543 2176 nautant
565 2146 690 2182 portum
715 2143 837 2183 dantes,
906 2144 938 2175 2.
963 2144 1039 2176 mas
1064 2153 1148 2184 papa
1172 2147 1348 2186 comitatur,

293 2192 425 2225 Romam
450 2192 569 2223 vadunt
594 2190 823 2230 praedicantes,
964 2190 1110 2222 Delirare
1135 2191 1313 2232 deputatur,

293 2240 404 2272 Plures
428 2238 492 2269 illis
517 2237 708 2270 admirantes
964 2237 1103 2277 Sponsus
1128 2238 1264 2271 Ursulae
1285 2242 1449 2272 truncatur

339 2285 381 2316 Se
406 2286 503 2325 graiis
529 2286 734 2317 accumu1ant.
1011 2285 1087 2318 Cum
1112 2286 1162 2317 his
1184 2286 1215 2317 in
1239 2286 1378 2322 Colonia.
