1651 2518
671 96 899 130 -79—

410 192 439 224 2.
465 191 546 223 Nam
571 202 643 225 mox
665 202 685 224 a
708 200 806 232 puero
831 192 970 223 concitus
994 190 1035 224 ad
1059 192 1145 231 pium

465 238 587 271 Venisti
611 240 749 271 studium
772 238 916 279 pluribus
941 238 1092 279 abditum,

464 285 527 318 Sed
552 296 625 318 mox
648 287 717 327 ipse
740 286 830 318 labor
855 286 944 318 duxit
967 286 1008 318 ad
1032 286 1181 325 optimum

513 333 766 374 Conventumque
788 332 939 366 fidelium.

406 401 437 433 3.
464 399 600 437 Quorum
627 399 821 432 commonitis
847 407 993 439 coeperas
1019 398 1169 439 ordinem,

464 446 624 478 Virtutum
648 446 769 478 meritis
795 445 927 478 culmine
949 445 1102 477 neminem

463 492 509 524 Es
535 502 645 533 passus
669 493 794 525 'tibimet
816 492 913 525 affore
938 501 1113 532 comparem

516 540 632 572 Divino
658 548 758 580 neque
782 540 908 572 semine.

406 607 438 638 4.
466 605 550 637 Hinc
575 605 701 638 Christo
727 606 853 645 cupiens
877 605 1012 637 reddere
1034 603 1195 644 propriam

467 653 553 685 Pura
575 655 680 684 mente
704 653 837 684 animam
862 652 965 684 tendis
989 651 1164 691 Apamiam,

468 699 535 738 Qua
557 708 707 738 passurus
731 708 810 739 eras,
838 699 963 731 dixeras
988 698 1139 737 omnibus,

513 746 566 778 Sic
588 746 718 778 verbum
742 747 831 778 stetit
854 746 983 778 actibus.

413 813 443 843 5.
470 810 553 842 Nam
577 820 652 851 gens
675 814 767 844 torva
789 812 882 843 nimis
905 812 1047 851 margine
1068 810 1204 842 fluminis

469 858 619 890 Abscidit
643 861 746 899 caput,
772 858 845 890 hinc
868 859 901 890 in
926 861 1008 890 tetra
1030 858 1161 898 gurgitis

469 904 592 944 Corpus
618 914 688 936 cum
714 905 818 944 capite
841 905 968 945 conjicit
992 905 1108 947 abdite,

515 951 578 983 Sed
602 952 701 984 traxit
723 952 809 984 Deus
834 952 928 986 ocius.

214 1033 297 1061 Brev.
312 1042 364 1061 ms.
378 1034 535 1062 Illerdeuse
551 1043 625 1063 saec.
640 1032 682 1062 13.
706 1035 772 1063 Cod.
789 1035 880 1071 Capit.
894 1036 1028 1063 Illerden.
1043 1043 1065 1062 s.
1078 1044 1106 1062 n.
1118 1048 1155 1053 -—
1168 1032 1195 1067 3,
1212 1033 1225 1062 1
1241 1034 1378 1070 coeperis.
1390 1047 1426 1052 —-

140 1069 166 1103 4,
187 1070 205 1097 3
226 1071 340 1098 dixeris.
360 1084 397 1090 -
420 1070 446 1107 5,
469 1070 483 1098 1
504 1073 591 1099 nimis
612 1073 736 1109 ergiinzt.
755 1087 794 1092 —
814 1073 872 1101 Die
891 1073 1065 1110 Doxologie⁷
1094 1073 1141 1100 die
1159 1074 1213 1099 mit
1231 1071 1286 1099 den
1305 1072 1426 1099 VVorten

138 1108 253 1144 begann
271 1108 360 1136 Trine
379 1111 409 1136 et
425 1118 482 1137 une
500 1110 581 1138 Deus
601 1111 641 1138 ist
658 1110 838 1147 weggefault.

570 1238 632 1270 105.
672 1239 716 1270 De
736 1239 841 1271 sancto
862 1238 1021 1270 Antonino.

656 1306 704 1335 Ad
722 1306 910 1336 Nocturnum.

410 1374 441 1407 1.
468 1374 572 1415 Pange
597 1383 679 1406 nunc
701 1375 779 1406 cleri
801 1375 926 1415 populis
950 1378 1086 1414 caterva,

469 1421 554 1459 Quae
576 1422 658 1453 mira
681 1421 780 1462 gessit
803 1422 904 1461 pietas
928 1430 1073 1461 superna,

466 1468 619 1508 Martyris
643 1478 756 1508 corpus
779 1468 908 1500 nimium
931 1467 1095 1508 profundis

514 1516 626 1548 Traxit
649 1515 688 1547 ab
713 1515 816 1548 undis.

411 1581 444 1611 2.
470 1580 604 1613 Alveum
628 1580 743 1613 fiumen
766 1581 890 1613 solitum
919 1581 1046 1621 dimisit,

468 1628 507 1660 ln
529 1630 632 1660 castra
658 1636 781 1660 cursum
804 1628 929 1668 penitus
955 1628 1079 1668 direxit,

467 1674 591 1714 Impetu
615 1676 701 1715 cujus
725 1674 926 1707 tremefactus
951 1675 1016 1706 ruit

512 1721 605 1753 Mons
630 1721 697 1754 fere
718 1724 810 1754 totus.

413 1788 444 1819 3.
473 1786 603 1827 Gurgite
626 1786 702 1819 fecit
725 1788 813 1827 quasi
837 1787 959 1829 glebam
984 1788 1119 1827 sanguis,

472 1833 592 1874 Corpus
616 1839 648 1867 et
671 1834 773 1875 ipsum
797 1835 903 1874 rapuit
924 1834 1027 1867 fidelis

470 1880 591 1924 Coetus,
619 1884 749 1914 ovanter
773 1882 890 1914 tumulo
914 1882 1065 1924 recondit,

513 1929 602 1960 Haec
625 1928 711 1961 Deus
736 1929 807 1969 egit.

408 1996 439 2027 4.
463 1994 637 2028 Humerum
664 1995 818 2035 dextrum,
846 1999 940 2035 caput
963 1998 1056 2035 atque
1079 2005 1204 2029 manum

466 2042 583 2083 Angeli
606 2042 673 2074 bini
697 2042 803 2082 specie
827 2043 1002 2084 aquilarum

466 2091 504 2123 In
528 2089 658 2121 limbum
682 2090 758 2121 laeti
781 2090 841 2122 cito
864 2099 998 2130 posuere

512 2137 626 2178 Sicque
648 2137 760 2170 tulere.

407 2205 439 2238 5.
466 2203 558 2236 Nunc
579 2212 638 2243 per
662 2203 839 2244 descensus,
866 2204 958 2236 modo
983 2213 1042 2244 per
1063 2213 1210 2238 ascensus

463 2252 610 2284 Amnium
637 2251 751 2283 multos
776 2250 907 2283 Seturae
932 2256 964 2283 et
986 2250 1098 2284 fluctus

463 2297 609 2331 Nobilem
634 2299 749 2332 vallem
773 2299 903 2339 petiere,
928 2300 1042 2333 Festus

510 2346 591 2380 Vota
614 2346 744 2388 recepit.
