1651 2518
767 140 1026 174 -102—

628 239 682 270 151.
716 239 759 269 De
779 246 818 269 ss.
841 238 971 269 cordula
991 238 1023 269 et
1043 238 1163 269 candia.

800 304 848 333 Ad
869 304 995 334 Laudes.

260 373 292 404 1.
317 371 444 403 Festum
470 382 628 404 sacrarum
653 373 807 412 virginum

316 419 471 450 Praesens
498 420 564 451 dies
589 420 777 458 reduplicat,

315 465 382 503 Qua
406 464 542 498 Cordula
565 475 623 506 per
647 466 812 497 Dominum

314 511 457 542 Palmam
483 521 593 544 cruore
617 512 774 544 vendicat.

259 568 290 598 2.
314 566 493 598 Humanum
517 577 642 607 passam
667 568 778 598 terruit

318 613 416 644 Dirae
439 614 524 645 necis
550 615 745 655 martyrium,

317 659 495 698 Libensque
516 661 643 692 tandem
671 660 766 692 diruit

317 705 441 736 Hostile
464 707 560 738 robur
584 707 706 738 virium.

934 374 965 405 3.
991 372 1127 403 Dertosa
1151 371 1228 404 felix
1253 373 1367 412 recipit

988 418 1091 458 Caput
1112 418 1225 450 beatae
1249 419 1397 462 Candiae,

988 465 1063 497 Plus
1090 466 1212 498 decoris
1236 475 1297 506 quo
1321 467 1458 506 percipit

988 512 1069 544 Suae
1092 513 1208 543 monile
1232 514 1392 546 ecclesiae.

955 595 961 601 .
988 568 1054 599 Nos
1080 568 1200 600 Candia
1222 569 1377 610 purificet,

989 614 1165 655 Conjungat
1188 615 1256 648 Deo
1283 616 1429 660 Cordula,

989 662 1073 694 Utra
1095 662 1128 693 in
1154 671 1189 693 eo
1214 662 1386 702 amplificet

986 709 1086 740 Prece
1110 710 1329 741 commendans
1353 711 1473 743 sedula.

648 765 677 796 5.
702 764 844 805 Praesta,
868 763 954 795 Deus
978 764 1128 805 piissime,

703 810 750 843 Ut
773 810 821 841 his
845 811 1111 843 intercedentibus

704 857 756 888 Ad
780 857 906 896 nuptias
930 858 1101 889 laetissime

705 903 860 935 Intremus
886 913 954 935 cum
978 905 1197 944 prudentibus,

332 964 415 991 Brev.
435 964 611 993 Dertusense
630 968 698 1002 im„-
719 967 855 1003 Lugduni
876 966 957 995 1547.
976 983 1013 988 —
1033 966 1059 1002 3,
1079 966 1097 996 3
1116 969 1186 996 Plus
1207 970 1301 997 decus.
1322 985 1357 989 —
1377 969 1403 1005 4,
1425 969 1443 998 3
1457 972 1542 999 Utra-

255 1010 310 1037 que
330 1002 360 1028 in
397 1010 422 1029 0.

702 1095 760 1126 152.
799 1096 842 1127 De
863 1097 972 1128 sancta
992 1096 1092 1128 Clara.

801 1162 849 1192 Ad
868 1163 993 1192 Laudes.

258 1227 287 1259 1.
315 1226 408 1258 Clara
432 1229 597 1267 praeclara
618 1230 738 1262 meritis

316 1273 444 1305 Cunctis
468 1276 642 1315 prudenter
666 1277 804 1309 venditis

311 1320 357 1351 Te
380 1326 521 1360 sequitur
544 1324 728 1363 propitium,

310 1366 408 1398 56311
421 1392 428 1406 ,
455 1369 679 1409 redemptor
696 1376 869 1404 omnium.

254 1424 284 1453 2.
310 1422 354 1454 Te
380 1425 535 1462 quaesivit
560 1428 591 1456 et
616 1427 767 1466 comperit

310 1469 443 1509 Tibique
469 1472 557 1512 virgo
582 1474 706 1512 peperit

311 1516 406 1548 Plura
428 1521 606 1550 sanctorum
630 1521 812 1561 germinum,

308 1562 430 1603 56311,
455 1574 607 1597 corona
625 1567 844 1607 virginum.

251 1620 270 1651 3
277 1644 284 1651 .
311 1619 398 1650 Nihil
423 1620 541 1653 habere
565 1623 673 1663 voluit,

307 1665 367 1698 Sed
394 1676 476 1707 paup
481 1671 611 1700 ertatem
637 1669 741 1709 coluit,

305 1712 350 1745 Ut
375 1717 457 1745 esset
479 1716 537 1747 tibi
562 1717 689 1759 gratior,

308 1759 423 1798 Jesu,
452 1771 603 1795 corona
628 1764 799 1797 celsior.

930 1233 961 1264 4.
988 1232 1112 1263 Invicta
1136 1232 1182 1262 sic
1204 1232 1356 1264 abstinuit

988 1278 1032 1309 Et
1053 1279 1161 1310 vivens
1186 1279 1246 1310 tibi
1269 1280 1389 1318 placuit

986 1324 1088 1364 Saepe
1111 1323 1196 1365 fletu,
1222 1326 1357 1368 silentio,

986 1372 1104 1411 Jesu,
1127 1375 1273 1404 nostra
1297 1374 1542 1413 redemptio.

953 1452 960 1460 .
988 1427 1081 1459 Clara
1104 1429 1269 1467 praeclare
1293 1429 1415 1470 claruit,

988 1474 1091 1513 Signis
1117 1475 1223 1506 multis
1250 1485 1320 1507 nam
1345 1475 1461 1517 floruit,

986 1521 1032 1553 Ob
1058 1522 1118 1552 hoc
1141 1523 1301 1554 mundatis
1327 1523 1474 1555 cordibus

985 1569 1124 1601 Jesum
1149 1569 1307 1601 ciamus
1332 1571 1518 1604 vocibus

953 1650 960 1657 .
985 1625 1039 1656 Ad
1063 1633 1174 1664 preces
1197 1629 1326 1657 sanctae
1351 1627 1480 1666 virginis

984 1671 1028 1702 Et
1049 1672 1176 1703 laudem
1200 1673 1246 1704 tui
1270 1674 1403 1705 nominis

986 1718 1062 1758 Nos,
1088 1719 1200 1750 summi
1223 1720 1323 1759 patris
1346 1721 1448 1761 unice,

984 1766 1098 1806 JeSU,
1123 1766 1322 1798 labantes
1347 1769 1522 1808 respice.

567 1821 597 1852 7.
623 1820 686 1852 Per
710 1820 872 1861 virginem,
895 1830 987 1861 quam
1012 1822 1155 1862 colimus,

624 1866 680 1898 Oui
706 1868 817 1899 devote
840 1868 1015 1908 psallimus,

621 1913 680 1944 Tui
704 1923 761 1945 nos
783 1918 914 1946 cernant
937 1916 1020 1946 oculi

621 1961 738 2003 Jesu,
765 1961 1009 2001 redemptor
1033 1963 1208 1994 saeculi.

325 2021 409 2047 Brev.
435 2022 575 2051 Auriensc·
600 2025 667 2060 imp.
693 2024 887 2053 Salmantieae
913 2024 983 2053 1501
1021 2040 1056 2044 —
1082 2024 1112 2060 2,
1141 2025 1155 2052 1
1182 2027 1224 2054 Te
1249 2035 1304 2062 que
1331 2032 1399 2056 sunt
1418 2032 1447 2057 et
1466 2038 1541 2057 com-

247 2058 330 2092 perit.
351 2072 386 2076 ——
407 2056 432 2093 2,
453 2058 471 2087 3
490 2061 623 2089 Pluratas
644 2065 806 2090 sanctorum
827 2064 981 2098 geminum.
1002 2078 1038 2082 —
1058 2062 1083 2097 5,
1104 2062 1123 2089 4
1143 2064 1277 2091 sciamus.

694 2170 755 2201 153.
795 2171 838 2202 De
857 2171 964 2202 sancta
985 2170 1085 2202 Clara.

249 2236 279 2267 1.
307 2235 400 2267 Clara
423 2238 517 2269 stella
539 2242 643 2270 movet
667 2239 752 2272 bella

353 2282 494 2315 Veterem
522 2288 631 2317 contra
657 2286 824 2318 Cerberum

307 2329 353 2359 Te
379 2329 511 2362 ducente
536 2335 567 2363 et
591 2336 728 2373 regente,

352 2374 424 2406 Con
434 2376 541 2409 ditor
563 2379 659 2410 alme
683 2380 860 2413 siderum.

921 2241 951 2271 2.
976 2241 1086 2272 Polum
1113 2241 1223 2282 cernit,
1247 2243 1347 2274 solum
1372 2246 1504 2286 spernit,

1026 2286 1165 2327 Castigat
1191 2296 1316 2320 carnem
1342 2291 1457 2323 vimine

976 2333 1077 2372 Hujus
1100 2334 1168 2366 vita
1192 2335 1276 2366 volat
1299 2336 1345 2368 ita

1021 2381 1052 2412 A
1073 2381 1180 2412 solis
1206 2385 1323 2415 ortus
1350 2385 1498 2417 cardin
1510 2395 1537 2421 e.
