1651 2518
753 101 984 137 -70-

670 212 716 243 88.
755 211 799 242 De
818 212 927 243 sancta
945 212 1073 251 Agnete.

771 286 819 317 Ad
836 286 962 317 Laudes.

230 367 259 401 1.
287 366 411 399 Virtute
435 366 519 399 vocis
544 366 696 406 benignae

332 413 457 445 Laudes
483 413 594 444 chorus
618 411 760 452 proferat

285 461 426 502 Agnetis,
452 468 524 491 nam
549 460 614 498 eJus
639 458 732 498 digne

334 506 437 538 Vitam
458 506 547 538 nobis
572 509 691 537 reserat

902 366 933 397 5.
960 364 1077 397 Terrae
1098 366 1203 405 sponsi
1228 368 1263 397 ut
1288 374 1450 398 venemum

1003 411 1130 451 Sprevit
1152 413 1331 453 amicitiam,

957 459 1088 490 Dulcem
1113 467 1260 498 sponsum
1284 463 1316 491 et
1339 468 1500 491 amoenum

1005 505 1163 538 Christum
1189 506 1315 538 dantem
1338 507 1470 546 gloriam

286 554 421 586 Pudoris
445 554 549 584 lumen
572 553 694 592 insigne
956 552 1104 592 Sequens,
1129 552 1263 584 veritate
1285 553 1413 593 plenum

334 599 482 639 Sacrique
505 600 658 639 martyrii.
1002 598 1046 630 Et
1066 597 1214 631 fluentem
1238 600 1349 639 gratia.

232 658 263 689 2.
289 656 360 688 Non
384 654 483 687 flectit
506 658 608 686 terror
630 654 776 687 tormenti
902 655 932 686 6.
958 653 1075 694 Fulget
1100 655 1218 695 duplici
1243 663 1357 688 corona

332 703 362 733 A
386 703 505 733 cultura
528 701 641 733 latriae
1005 701 1140 734 Coelesti
1164 702 1282 741 palatio

291 750 359 781 Neo
383 758 517 780 errorem
545 748 633 780 dedit
654 748 750 780 menti
957 748 1062 789 Virgo,
1087 754 1208 788 martyr
1232 752 1264 779 et
1287 752 1421 788 patrona

340 795 448 827 Cultus
469 795 645 834 idolatriae,
1002 795 1186 827 Sanctorum
1211 796 1341 836 collegio

289 845 407 875 Amore
430 842 518 873 novit
540 843 658 880 ingenti
959 841 1057 874 Grata
1080 843 1146 881 poli
1169 850 1292 874 sumens
1317 843 1399 874 dona

339 888 492 920 Coelestis
516 897 603 928 spem
625 888 739 928 gaudii.
1003 889 1195 929 Angelorum
1217 889 1307 923 solio,

233 946 262 978 3.
289 945 351 976 Res
375 944 527 983 miranda,
552 945 634 984 quod
658 944 763 983 puella
901 944 931 976 7.
958 944 1100 977 Christus
1126 946 1255 977 clamat:
1284 947 1349 977 esto
1375 944 1476 985 fortis,

335 991 433 1023 Foret
455 991 559 1023 brevis
584 992 734 1030 temporis
1003 990 1053 1022 De
1076 992 1219 1031 supernis
1243 990 1367 1032 finibus,

292 1037 408 1078 Fortis,
435 1039 578 1069 constans
602 1039 710 1069 contra
732 1036 818 1068 bella
947 1020 1024 1068 Nec
1046 1041 1078 1069 te
1102 1037 1207 1070 turbet
1229 1038 1323 1070 timor
1346 1039 1465 1079 mortis,

340 1084 429 1116 Dura
453 1084 501 1116 sui
526 1085 675 1123 corporis,
1006 1084 1086 1116 Nam
1113 1094 1180 1116 cum
1204 1085 1280 1116 meis
1307 1085 1426 1117 civibus

290 1132 335 1164 Ut
358 1132 468 1163 sedere
492 1133 599 1170 posset
623 1131 703 1162 cella
957 1130 1101 1163 Manebis
1126 1133 1243 1171 apertis
1267 1132 1367 1171 portis

341 1177 426 1209 Coeli
449 1178 564 1209 sanctis
590 1178 719 1209 civibus.
1004 1178 1090 1210 Coeli
1111 1179 1259 1218 gaudenS,
1285 1178 1359 1210 filia.

233 1235 265 1267 4.
292 1234 420 1272 Quando
444 1241 571 1272 praeses
596 1233 772 1264 minabatur
902 1235 932 1267 8.
958 1233 1071 1265 Funde
1094 1242 1203 1272 preces
1230 1235 1374 1274 creatori,

338 1279 461 1312 Inferre
483 1279 680 1319 supplicium,
1002 1282 1118 1320 Agnes,
1144 1281 1176 1312 in
1202 1281 1334 1313 articulo

291 1328 395 1367 Agnes
420 1329 523 1357 mente
546 1327 722 1358 laetabatur
956 1327 1080 1368 Mortis,
1105 1330 1149 1367 ut,
1177 1336 1245 1359 cum
1272 1328 1363 1359 detur
1387 1329 1476 1368 mori,

338 1373 483 1405 Divinum
507 1373 655 1405 auxilium
1004 1373 1146 1413 Expulso
1173 1374 1297 1406 diabolo

293 1420 427 1459 Rogans‚
454 1420 537 1459 quod
561 1430 581 1451 a
604 1419 671 1451 Deo
695 1420 787 1451 datur

336 1466 436 1497 ‚Iustis
460 1471 493 1498 et
514 1465 671 1498 fidelibus.

961 1421 1060 1453 Chaos
1084 1429 1146 1452 non
1168 1420 1236 1453 fero
1260 1421 1360 1453 dolori

1005 1466 1176 1508 Jungamur
1200 1468 1368 1508 ergastulo.

616 1524 646 1554 9.
673 1522 820 1553 Trinitati
843 1523 953 1555 laudes
979 1524 1096 1562 demus,

716 1569 815 1607 Patri,
838 1572 920 1611 nato,
946 1569 1073 1610 flamini,

670 1615 714 1646 Et
736 1617 767 1647 in
792 1616 869 1655 ipsis
895 1617 1083 1649 exsultemus

719 1662 931 1702 Supplicando
955 1664 1084 1706 numini,

673 1710 719 1742 Ut
743 1717 813 1740 cum
836 1711 953 1741 sanctis
977 1710 1154 1743 habitemus

720 1758 783 1789 Per
807 1759 934 1789 aeterna
957 1760 1091 1790 saecula.

311 1820 394 1847 Br.ev
416 1819 486 1847 Cels«
500 1829 588 1848 nense
608 1822 676 1857 imp.
702 1820 948 1857 Caesaraugustae
969 1821 1048 1850 1514.
1069 1837 1106 1842 —-
1128 1821 1151 1856 1,
1172 1821 1190 1849 2
1208 1823 1323 1850 Laudes
1344 1831 1468 1850 consors.
1483 1837 1519 1842 ——

235 1857 290 1884 Str
317 1857 333 1884 7
362 1858 435 1884 muss
455 1858 626 1886 vermutlich
646 1873 683 1877 —-
702 1859 751 1886 de‘:
771 1859 875 1886 Sinnes
897 1860 1006 1887 sowohl
1026 1861 1070 1887 als
1090 1860 1139 1887 des
1159 1861 1273 1888 Reimes
1291 1868 1390 1896 wegen
1410 1874 1445 1879 —
1471 1869 1518 1887 Ιι’·οι

235 1895 290 1922 Str.
321 1894 338 1922 ὅ
366 1895 535 1922 stel1nn.—-
559 1899 590 1931 25,
619 1895 639 1923 4
663 1896 776 1929 Liicke3
802 1897 917 1925 diabolo
945 1899 1133 1934 e1·g“inzt.—
1156 1898 1321 1925 Xerfasser:
1351 1898 1519 1932 Anonymus

236 1933 274 1959 C*
270 1932 426 1960 laonensis.

674 2043 720 2073 89.
759 2043 801 2074 De
821 2045 932 2075 sancta
952 2044 1077 2083 Agnete.

726 2119 759 2148 In
780 2119 867 2156 Vesp.
888 2123 917 2148 et
934 2118 1026 2148 Laud.

242 2195 273 2226 1.
298 2193 387 2233 Agne
410 2193 479 2236 Dei,
504 2202 563 2234 per
587 2203 676 2233 quem
701 2197 747 2227 rei

346 2241 514 2273 Solvuntur
538 2251 619 2273 nexu
645 2243 816 2285 criminum,

297 2286 437 2318 Clemens
462 2289 536 2320 audi
561 2292 592 2320 et
617 2290 740 2329 exaudi,

341 2334 460 2373 Jesu‚
475 2338 849 2377 coronavirginum,

908 2199 938 2229 2.
963 2196 1029 2228 Fac
1054 2205 1109 2228 nos
1134 2195 1242 2236 fortes,
1267 2200 1303 2228 ut
1328 2201 1486 2230 consortes

1012 2242 1118 2274 Sancti
1142 2244 1237 2275 simus
1258 2244 1292 2275 in
1316 2246 1420 2284 patria

968 2289 1158 2322 Chorearum
1181 2292 1379 2331 pudicarum,

1014 2336 1086 2375 Qui
1111 2339 1255 2376 pascis
1280 2339 1395 2371 inter
1411 2341 1521 2374 lilia.
