1651 2518
203 185 233 217 3.
260 185 327 217 Ista
351 185 485 224 sumpsit
509 185 602 217 iidem
629 186 744 218 Clnisti

263 231 336 264 Non
360 232 520 264 haerendo
544 233 662 264 mundo
687 233 781 272 tristi,

264 279 466 318 Peroptando
493 279 679 311 consortium

260 324 535 366 Supernorumque
560 326 684 358 civium.

203 383 233 414 4.
262 381 369 421 Virgo,
396 384 450 414 tua
476 382 635 413 contulisti

261 428 388 468 Egcnis,
416 437 471 460 cur
495 428 646 468 meruisti,

263 475 309 507 Ut
334 476 424 516 coeli,
450 484 554 507 sumas
578 476 750 516 praemium

264 522 471 563 Paradisique
495 524 651 564 gaudium.

813 90 880 126 205

881 189 911 220 5.
936 187 1040 219 Fluxu
1064 186 1157 218 matri
1181 185 1337 218 cruciatae

939 233 1068 265 Cruoris
1094 235 1126 264 et
1149 235 1339 272 aggravatae

940 280 1113 312 Sanitatem
1140 279 1321 318 contribuit,

937 326 1020 358 Nam
1045 327 1172 368 Agatha
1196 326 1274 357 haec
1297 326 1426 357 monuit.

907 410 914 417 ,
940 382 1063 422 Virgini
1089 385 1162 413 sunt
1186 391 1306 421 poenae
1332 382 1433 423 datae,

939 430 1024 468 Quae
1048 428 1176 461 fuerunt
1197 428 1256 460 sibi
1287 431 1404 469 gratae,

939 477 1043 516 Quare
1066 476 1203 516 palmam
1228 475 1374 514 obtinuit,

938 524 1024 562 (guae
1050 531 1194 555 coronam
1219 523 1403 563 promeruit.

599 581 628 613 7.
656 579 766 612 Honor
790 581 872 620 patri
896 583 989 619 atque
1013 583 1087 612 nato

651 627 761 667 Detur,
790 627 829 659 ab
854 630 924 659 utro
950 626 1040 659 beato

654 674 902 713 Procedentique
930 672 1047 706 flamini

653 722 758 761 Atque
780 724 959 753 sanctorum
983 721 1109 761 agmini.

283 786 366 813 Brev.
389 785 564 813 Celsmense
584 787 652 821 imp.
674 785 922 822 Caesaraugustae
944 784 1024 814 1514.
1047 800 1080 804 —
1105 784 1128 820 1,
1152 784 1280 813 lLucia.
1302 800 1336 804 —
1358 782 1383 817 2,
1404 803 1405 808 .
1437 783 1501 811 Cul-

209 825 290 850 turae
311 825 347 850 ct.
374 837 378 841 -
435 821 461 855 ὃ,
488 822 508 851 4
533 831 588 858 que
609 825 733 859 crganz't.
753 837 790 842 -—
809 822 834 859 5,
857 822 872 850 1
895 825 1031 851 cruciare.
1052 839 1069 843 μ
1109 822 1135 857 5,
1155 822 1174 850 2
1195 830 1360 859 aggravare.
1381 837 1416 841 —
1437 820 1464 854 7,
1484 820 1503 848 2

206 860 260 888 lies
276 860 322 887 Sit
341 860 377 888 ab
396 862 539 896 utroque?
560 876 596 880 —
635 862 798 889 Verfasser:
824 862 994 897 Anonymus
1015 861 1206 889 Celsonensis.

654 952 718 984 357.
757 952 800 984 Dc
820 952 929 983 sancta
948 951 1051 983 Lucia.

765 1018 812 1048 Ad
832 1019 958 1048 Laudes.

212 1087 240 1119 1.
268 1086 452 1119 Gratuletur
476 1087 567 1127 plebs
594 1086 697 1119 fidelis

268 1134 462 1167 Proferendo
488 1135 689 1173 praeconium

270 1180 395 1223 Lueiac,
430 1189 521 1220 quam
547 1181 659 1213 chorus
683 1182 827 1213 coelestis

266 1227 401 1269 Laudat,
427 1228 544 1268 probat
568 1228 758 1260 coelestium.

208 1286 238 1316 2.
265 1284 395 1322 Quando
428 1287 556 1316 sanctae
580 1293 664 1316 mors
690 1284 827 1316 crudelis

266 1332 484 1371 Praeparabat
509 1331 707 1371 supplicium,

266 1377 448 1410 Sanctitatis
474 1381 620 1410 constans
645 1378 721 1410 zelis

264 1425 326 1458 Dei
352 1426 436 1464 cepit
459 1426 642 1458 subsidium.

207 1484 240 1516 3.
266 1482 319 1514 Ad
344 1482 481 1522 palmam
508 1482 647 1514 cucurrit
669 1482 754 1514 laeta

266 1530 467 1569 Peroptando
494 1528 681 1561 consortium

265 1576 459 1615 Angelorum
483 1576 594 1608 mortis
619 1578 712 1615 meta,

267 1622 330 1655 Cur
355 1623 434 1654 coeli
459 1623 593 1662 sumpsit
616 1622 775 1662 gaudium.

885 1088 917 1120 4.
942 1086 1104 1126 Completa
1129 1087 1212 1119 vitae
1238 1087 1323 1119 dieta

940 1134 1075 1174 Propter
1099 1142 1223 1166 sacrum
1248 1133 1433 1173 martyrium

942 1180 1094 1213 Laetatur
1120 1181 1183 1213 vita
1207 1183 1313 1220 quieta

942 1228 1069 1268 Olympi
1095 1236 1220 1260 sumens
1245 1227 1428 1267 praemium,

911 1312 917 1318 ,
945 1284 1038 1325 Virgo
1065 1284 1211 1316 redolens
1237 1286 1348 1316 ornata

943 1331 1105 1364 Castitatis
1130 1330 1167 1362 fit
1188 1331 1265 1371 lilio,

943 1379 1036 1410 Alma
1059 1386 1188 1410 manens
1212 1378 1280 1411 Deo
1307 1378 1391 1416 data,

942 1425 1031 1463 Quod
1056 1425 1181 1457 sustulit
1206 1425 1369 1464 martyrio.

908 1507 914 1514 .
941 1482 1003 1513 Per
1026 1483 1068 1522 te,
1094 1481 1203 1521 Lucia,
1230 1481 1324 1513 beata

941 1528 987 1560 Ut
1010 1528 1051 1560 sit
1075 1528 1153 1560 hacc
1177 1536 1325 1568 praesens
1351 1532 1468 1569 concio,

944 1574 1019 1615 Fac,
1046 1577 1119 1614 post
1142 1578 1275 1607 mortem
1302 1574 1448 1607 dedicata

941 1622 978 1653 In
1003 1624 1183 1654 sanctorum
1209 1622 1353 1662 collegio.

604 1680 633 1711 7.
660 1679 769 1710 Honor
794 1678 878 1717 patri
902 1681 996 1717 atque
1020 1680 1093 1710 nato

657 1727 699 1758 Et
724 1725 764 1757 ab
789 1728 923 1764 utroque
945 1723 1065 1757 flamini

657 1772 847 1805 Procedenti
871 1772 913 1803 sit
937 1771 1028 1805 beato

656 1821 761 1859 Atque
785 1819 921 1859 simplici
943 1819 1072 1852 numini.

283 1887 367 1914 Brev.
392 1885 567 1914 Celsonense
592 1887 661 1921 imp.
687 1884 937 1921 Caesaraugustae
963 1882 1045 1913 1514.
1077 1898 1115 1903 ——·
1146 1885 1310 1913 Verfasser:
1337 1886 1506 1921 Anonymus

205 1925 400 1953 Celsonensis.

556 2015 621 2048 358.
664 2015 706 2047 De
726 2022 766 2046 ss.
784 2014 915 2046 Luciano
937 2014 970 2046 et
990 2014 1155 2046 Marciano.

740 2081 787 2112 Ad
807 2081 961 2119 Vesperas.

208 2156 238 2188 1.
266 2155 402 2195 Fulgent
430 2154 572 2186 membra
595 2153 725 2194 gloriosi

306 2202 439 2234 Luciani
467 2202 616 2241 martyris

269 2251 359 2283 Intra
383 2250 492 2282 urbem
519 2249 590 2282 Vici
615 2257 748 2289 sacram,

311 2298 374 2338 jam
400 2297 467 2329 Deo
493 2296 693 2338 placabilem,

262 2346 401 2385 Fulgent
424 2348 457 2377 et
481 2345 626 2377 miranda
648 2344 751 2376 sancti

308 2392 466 2426 Marciani
490 2393 634 2433 pignora.

891 2154 922 2187 2.
948 2152 1007 2191 Qui
1031 2151 1140 2184 Sabini
1166 2154 1398 2185 contemnentes

994 2199 1069 2232 olim
1089 2200 1177 2239 jussa
1204 2200 1348 2241 consulis,

946 2246 1116 2280 Derelictis
1140 2247 1293 2280 idolorum

995 2295 1241 2335 daemonumque
1266 2296 1411 2337 cultibus,

944 2341 1058 2375 Libros
1084 2344 1296 2376 exsecrandae
1319 2344 1397 2386 legis

996 2393 1255 2430 consumpserunt
1278 2391 1414 2432 ignibus.
