1651 2518
773 102 1006 136 ,98-

682 194 748 226 143-
786 193 829 223 De
852 193 958 223 sancto
979 192 1093 223 Blasio.

757 258 805 287 Ad
824 257 1012 288 Nocturnum.

267 355 273 361 .
301 328 424 370 Gordia
449 329 512 360 oris
538 328 676 367 tripudio
916 327 948 358 4.
977 325 1099 357 Clamat
1120 325 1204 356 inter
1230 324 1403 364 supplicia:

302 374 504 406 Gratulemur
529 383 597 404 cum
621 374 727 407 Blasio
977 371 1121 403 Christus
1144 371 1178 401 in
1203 379 1260 400 sua
1283 370 1385 408 gratia

300 420 344 451 Et
366 421 398 452 in
424 421 490 459 eius
516 419 721 452 constantiam
974 418 1029 449 Me
1054 416 1219 457 confortat,
1247 419 1279 447 et
1295 416 1366 447 ideo

301 466 426 498 Christo
452 475 597 498 canamus
622 465 762 504 gloriam.
975 464 1081 495 Minas
1105 467 1174 494 tuas
1199 471 1261 494 non
1287 462 1388 494 timeo.

242 527 273 555 ·‚
300 521 358 552 Vir
382 522 482 553 bonae
505 520 632 561 praesul
650 520 766 552 indolis
918 521 950 552 5.
978 518 1104 551 Coelum
1131 521 1292 550 truncatus
1318 520 1422 558 capite

303 568 461 600 Sebasteis
486 568 526 599 ab
546 566 660 598 incolis
975 565 1104 597 'Directo
1128 565 1254 597 scandit
1277 568 1413 603 tramite,

302 613 357 644 Fit
379 617 501 652 martyr
525 621 580 644 suo
605 613 756 652 sanguino
973 612 1101 644 Honore
1123 621 1181 651 pro
1207 612 1339 644 victoria

301 659 385 692 Fuso
410 669 467 698 pro
494 659 612 692 Christi
635 659 769 693 nomine.
976 658 1149 691 Coronatus
1174 658 1207 691 in
1231 659 1340 699 gloria.

270 741 277 748 .
305 716 397 747 Idola
420 723 572 754 spernens
599 715 731 756 capitur,
918 717 948 748 6.
976 714 1080 755 Cujus,
1107 724 1124 746 o
1150 715 1282 758 Christe,
1309 715 1454 754 precibus

305 761 421 801 Captus
447 760 579 802 flagellis
605 762 747 794 caeditur
974 762 1050 794 Tuis
1074 762 1192 801 praebe
1216 762 1419 802 supplicibus,

302 807 492 847 Ferreisque
516 808 692 848 pectinibus
977 809 1066 841 Unus
1091 810 1175 848 patri
1198 817 1267 840 cum
1290 807 1424 851 flamine,

299 854 453 887 Laniatur
477 866 509 887 in
535 855 690 887 carnibus.
977 855 1087 887 Gloria
1110 856 1178 899 tibi,
1201 856 1345 889 Domine.

317 919 401 946 Brev.
415 918 586 954 Urgellense
605 921 672 955 imp.
690 920 821 947 Venetiis
844 917 924 947 1487.
944 934 982 939 —
994 918 1021 954 4,
1044 918 1058 947 1
1076 918 1234 947 Clamabat.
1249 934 1284 938 —
1298 918 1324 953 5,
1345 918 1362 947 2
1376 920 1531 949 Honorem.

686 1011 749 1043 144.
789 1012 831 1043 De
850 1013 956 1044 sancto
978 1012 1090 1044 Blasio.

797 1079 843 1108 Ad
863 1078 990 1109 Laudes.

268 1172 275 1179 .
305 1145 431 1177 Nostris
457 1146 587 1177 intende
611 1146 767 1187 laudibus,
921 1148 952 1180 3.
978 1146 1061 1178 Dum
1082 1155 1161 1186 puer
1183 1147 1277 1178 morti
1302 1148 1436 1179 traditus

303 1193 360 1232 Qui
386 1201 498 1232 regnas
522 1192 555 1224 in
582 1193 777 1234 coelestibus,
978 1194 1041 1225 Per
1065 1197 1097 1225 te
1118 1196 1246 1226 sanatur
1271 1194 1410 1234 coelitus,

302 1239 433 1271 Trinum
458 1240 558 1271 Deum
583 1238 758 1279 mirificum,
977 1240 1092 1272 Mortis
1116 1249 1174 1279 per
1195 1241 1274 1272 haec
1298 1240 1452 1272 miracula

300 1286 573 1328 MartyrDei‚
601 1287 859 1326 quiunicum.
976 1286 1123 1318 Soluta
1146 1288 1334 1326 suntjam
1352 1288 1531 1319 vincula.

269 1370 275 1376 .
300 1342 360 1382 Da,
386 1342 485 1384 Blasi,
510 1343 771 1382 supplicantibus,
919 1345 951 1376 4.
976 1343 1023 1374 Te
1046 1344 1133 1375 lacus
1156 1352 1277 1375 sursum
1302 1344 1412 1381 tenuit,

306 1389 394 1428 Quod
421 1389 564 1422 Christus
589 1392 621 1421 te
645 1390 845 1428 poscentibus
976 1390 1034 1428 Qui
1058 1390 1189 1430 gentiles
1214 1390 1375 1423 absorbuit

299 1436 449 1469 Promisit
472 1445 506 1468 se
528 1436 668 1468 tribuere
977 1436 1115 1477 Confisos
1139 1436 1296 1479 idolatria,
1327 1430 1352 1438 ‘

301 1483 381 1516 Tui
404 1485 609 1523 precatus
635 1492 810 1516 munere.
974 1482 1056 1515 Deo
1079 1483 1195 1522 patri
1222 1484 1279 1515 sit
1302 1483 1456 1523 gloria.

635 1541 665 1571 5.
688 1538 765 1571 Cum
789 1538 895 1571 Blasio
917 1538 969 1570 fac
991 1539 1098 1571 vivere

694 1586 852 1625 Suumque
876 1584 987 1617 festum
1015 1586 1117 1617 colere

695 1633 761 1665 Nos
787 1641 910 1672 semper
936 1632 1145 1672 devotissime,

694 1680 887 1719 Praesta,
912 1681 1034 1719 pater
1057 1679 1261 1719 piissime.

317 1745 402 1772 Brev.
426 1745 595 1781 Urgellense
615 1746 682 1780 imp.
704 1745 835 1773 Venetiis
857 1741 937 1772 1487.
958 1760 995 1764 —
1014 1743 1044 1779 4,
1074 1742 1088 1772 1
1108 1745 1153 1772 De
1171 1745 1238 1772 lacu
1259 1753 1380 1772 sursum.
1401 1759 1438 1764 --
1455 1743 1488 1778 4,
1516 1742 1533 1773 3

240 1783 327 1810 Fisos
347 1783 492 1810 idolatria.
513 1797 549 1802 —-
569 1781 595 1817 5,
616 1781 635 1810 4
652 1783 739 1810 Patre
758 1782 830 1810 Jesu
849 1783 988 1819 piissime.

671 1873 733 1904 145.
774 1874 816 1904 De
835 1874 944 1904 sancta
965 1872 1106 1905 Caecilia.

776 1939 824 1968 Ad
843 1938 996 1976 Vesperas.

243 2008 274 2039 1.
303 2007 398 2041 Clara
421 2016 498 2039 voce
522 2008 677 2039 melodiae
917 2010 949 2040 3.
975 2007 1022 2039 Ut
1045 2016 1162 2047 sponsa
1181 2008 1264 2047 regis
1290 2009 1411 2048 gloriae

300 2054 396 2087 Plebs
422 2054 550 2093 virginis
576 2054 730 2086 Caeciliae
974 2053 1075 2085 Laeta
1099 2052 1182 2085 foret
1204 2054 1238 2085 in
1262 2054 1339 2096 acie,

301 2099 399 2133 Gesta
426 2100 572 2132 decantet
596 2100 743 2132 laudibus
973 2099 1157 2132 Sanctorum
1181 2099 1270 2132 flexit
1295 2101 1421 2133 dotibus

300 2147 484 2180 Orthodoxa
509 2147 705 2180 coelestibus.
973 2146 1107 2178 Pudoris
1133 2155 1186 2178 cor
1210 2148 1424 2180 vernantibus.

267 2228 274 2235 .
300 2204 385 2242 Quae
408 2204 479 2234 luce
503 2202 592 2235 fulsit
614 2203 728 2235 latriae
915 2204 946 2234 4.
974 2201 1117 2233 Concivis
1143 2202 1222 2233 coeli
1245 2202 1352 2242 regiae

299 2248 387 2280 Labe
410 2249 503 2288 pulsa
514 2248 679 2289 -perfidiae
972 2248 1163 2287 Angelorum
1194 2250 1346 2289 egregiae,

301 2294 447 2334 GentiliS,
473 2304 545 2327 rore
569 2294 711 2328 funditus
974 2294 1090 2326 Plausu
1114 2293 1221 2326 fruens
1245 2295 1418 2336 virginibus

300 2340 466 2380 Adspersa
490 2342 591 2374 sancti
615 2342 754 2382 spiritus.
971 2340 1120 2373 Exsultat
1144 2345 1174 2373 et
1200 2342 1404 2383 martyribus.
