1651 2518
727 125 982 160 —154—

218 224 248 255 3.
276 221 371 262 Signa
390 224 555 262 patrantur
576 222 709 261 saepius,
885 222 915 254 4.
943 220 967 252 Ο
992 219 1098 253 fervor
1122 230 1160 253 ex
1183 221 1328 253 incendio

272 268 524 309 Frequentantur
548 268 709 307 miracula,
944 266 1090 299 Caritatis
1114 268 1146 299 in
1166 269 1321 310 praesule,

271 315 364 348 Nune
387 318 494 348 tantae
516 315 595 347 lucis
619 314 726 346 radius
942 314 999 352 Qui
1025 314 1181 354 captivum
1205 324 1263 354 pro
1287 314 1352 346 filio

273 362 488 395 Absconditur
512 361 568 394 sub
594 361 718 394 nebula.
945 360 986 392 Se
1011 361 1100 394 dedit
1124 370 1236 393 caecae
1258 361 1393 393 vetulae.

630 418 661 449 5.
688 416 735 448 Sit
758 415 843 456 patri
866 417 934 449 laus
959 420 991 448 et
1014 417 1088 449 filio.

287 484 369 511 Ere-V.
383 483 574 517 Majorieense
592 483 660 517 imp.
673 481 804 509 Veneti-is
824 479 904 509 1506.
918 482 952 509 A.
973 497 985 501 ι
997 497 1009 501 „
1028 483 1112 509 Brev.
1126 481 1283 518 Sigenense
1297 483 1365 517 imp.
1381 481 1498 508 Caesar-

217 523 357 558 augustae
379 519 458 548 1547.
478 521 510 548 B.
530 535 564 540 -
587 518 613 553 4,
633 518 653 547 4
671 520 733 546 cete
751 518 868 546 vetulae
886 520 925 554 A,
946 527 1033 546 senae
1052 519 1168 547 vetulae
1186 519 1219 549 B.

656 619 722 651 259.
760 620 804 651 De
823 620 927 651 saneto
946 619 1067 651 Jacobo.

745 686 793 716 Ad
812 685 966 723 Vesperas.

214 757 245 790 1.
272 756 374 789 Adest.
397 754 464 787 dies
488 754 637 794 laetitiae,
886 756 919 787 4.
945 754 1058 786 Mundi
1081 753 1172 793 hujus
1197 756 1229 785 et
1251 754 1362 786 similis

271 802 381 835 Multis
407 802 562 833 cantanda
585 800 741 840 laudibus,
946 800 1081 832 Multum
1107 803 1175 832 erat
1197 800 1230 833 in
1253 800 1394 833 omnibus

271 849 309 882 In
334 858 393 888 quo
416 848 522 887 palma
547 847 696 879 victoriae
944 847 1068 880 Christo
1093 848 1113 880 J
1116 856 1170 879 esu
1195 850 1226 878 et
1249 848 1384 890 humilis,

270 894 419 935 Retulget
439 895 541 934 justus
565 894 711 927 JacobuS.
944 894 1061 926 Plenus
1085 898 1153 926 erat
1176 894 1355 927 virtutibus.

216 955 247 986 2,
275 951 369 991 Cujus
393 950 506 982 festum
532 950 711 982 solemniter
886 951 916 983 5.
942 950 1005 981 Hie
1029 953 1077 982 est
1098 951 1218 989 primus
1243 951 1407 990 episcopus

273 998 392 1030 Chorus
416 1002 524 1029 noster
548 997 687 1036 tripudio
941 997 1164 1036 Apostolorum
1188 999 1334 1041 omnium,

270 1044 465 1078 Exsultando
490 1044 688 1076 concorditer
941 1043 1060 1082 Justus,
1084 1044 1165 1084 pius,
1191 1044 1350 1086 pacificus,

272 1091 461 1124 Solemnizet
485 1099 552 1122 eum
578 1091 700 1130 gaudio.
942 1090 1074 1122 Virtutis
1099 1093 1208 1123 tenens
1232 1091 1386 1124 bravium.

214 1150 245 1181 3.
267 1148 330 1181 Hic
355 1151 402 1179 est
426 1148 543 1179 candor
566 1150 738 1186 perpetuae
884 1148 915 1179 6.
941 1146 1144 1188 Quaesumus,
1169 1150 1278 1179 auctor
1302 1148 1450 1190 omnium,

274 1194 434 1228 Castitatis
459 1196 489 1225 et
513 1193 623 1233 lilium,
941 1194 979 1225 Iu
1003 1194 1062 1225 1100
1085 1194 1227 1233 paschali
1251 1195 1364 1234 gaudio

271 1242 334 1275 Hic
358 1243 405 1272 est
429 1243 623 1279 contemptor
647 1239 753 1273 fatuae
939 1240 991 1272 Ab
1017 1241 1100 1272 omni
1123 1241 1234 1273 mortis
1258 1241 1377 1282 impetu

271 1287 460 1328 Gloriaeque
482 1287 640 1327 piaculum
942 1287 1044 1318 Tuum
1069 1286 1205 1321 defende
1227 1290 1389 1328 populum.

641 1344 669 1375 7.
698 1342 807 1375 Gloria
829 1343 897 1382 tibi,
924 1343 1066 1376 Domine.

287 1408 371 1435 Brev.
397 1416 449 1435 ms.
465 1407 728 1443 Compostellanum
747 1415 821 1435 saec.
839 1405 882 1434 15.
904 1406 971 1435 Cod.
987 1407 1080 1443 Capit.
1095 1407 1321 1444 Compostellani
1334 1416 1357 1436 s.
1371 1417 1398 1435 n.
1412 1408 1449 1435 A.
1464 1426 1465 1429 =

213 1447 295 1474 Brev.
317 1444 580 1481 Gompostellanum
599 1445 667 1480 imp.
688 1444 861 1480 Ulisipouae
883 1442 964 1472 1497.
984 1445 1017 1472 B.

652 1544 719 1576 260.
758 1546 799 1576 De
822 1546 927 1577 saneto
947 1545 1070 1577 Jacobo.

728 1612 776 1641 Ad
794 1612 981 1642 Nocturnum.

216 1682 247 1714 1.
272 1681 432 1721 Hymnum
455 1690 555 1713 novae
578 1681 718 1712 laetitiae
886 1683 919 1715 4.
945 1680 1128 1713 Sanctitatis
1152 1681 1192 1713 ob
1215 1682 1362 1713 meritum

273 1728 437 1761 Persolvat
462 1736 573 1759 vocum
597 1728 727 1768 paritas,
946 1727 1106 1760 Castitatis
1133 1731 1164 1759 et
1187 1728 1253 1760 lilio

273 1775 378 1807 Tollat
400 1775 520 1807 vultum
544 1774 692 1807 tristitiae
944 1775 1058 1807 Mundi
1083 1775 1184 1807 calcat
1209 1775 1411 1816 compositum

273 1821 428 1854 Pulchrae
450 1822 564 1854 mentis
586 1821 776 1861 jucunditas.
942 1821 1121 1855 Pontificali
1145 1823 1233 1855 solio.

216 1880 247 1911 2.
271 1878 373 1918 Hujus
398 1879 430 1911 in
455 1877 527 1910 festi
553 1879 667 1918 gaudio
887 1880 919 1913 5.
945 1878 1062 1910 Panem
1087 1884 1214 1918 gustare
1239 1879 1382 1921 denegat,

273 1925 390 1958 Christi
415 1926 515 1957 saneti
539 1926 682 1966 apostoli,
945 1924 1061 1957 Christi
1085 1926 1213 1964 plorans
1238 1927 1439 1969 supplicium,

275 1973 369 2011 Quem
394 1971 526 2012 effugato
552 1972 624 2003 odio
945 1971 1008 2004 Sed
1030 1973 1118 2012 prius
1143 1973 1253 2005 videns
1275 1974 1391 2012 Jubilat

271 2019 428 2051 Amabant
454 2028 559 2051 omnes
584 2018 703 2058 populi.
943 2018 1146 2059 Resurgentis
1171 2019 1327 2054 solatium.

217 2076 249 2108 3.
273 2074 336 2107 Hie
360 2078 409 2106 est
431 2075 568 2114 Alphaei
591 2074 738 2115 Jacobus,
886 2077 918 2109 6.
942 2075 1145 2115 Quaesumus,
1171 2078 1278 2108 auctor
1303 2077 1450 2118 omnium,

273 2124 380 2156 Justus
411 2124 441 2153 et
465 2121 565 2154 frater
588 2121 725 2162 Domini,
945 2122 982 2154 111
1007 2122 1067 2153 1100
1089 2122 1232 2161 paschali
1256 2123 1370 2162 gaudio

273 2168 326 2201 Sic
350 2169 453 2200 dictus
477 2169 517 2200 ab
542 2169 718 2200 hominibus
944 2168 994 2201 Ab
1020 2169 1103 2200 omni
1127 2169 1236 2201 mortis
1260 2170 1380 2210 impetu

272 2216 438 2248 Praelatus
464 2216 547 2247 omni
570 2215 698 2249 homini.
945 2215 1046 2246 Tuum
1073 2214 1209 2248 defende
1231 2218 1394 2256 populum.

646 2273 676 2305 7.
704 2271 813 2303 Gloria
836 2271 905 2312 tibi,
931 2271 1074 2306 Domine.

290 2336 375 2364 Brev.
399 2344 451 2363 ms.
477 2336 742 2373 Compostellanum
767 2344 841 2364 saec.
870 2334 913 2364 15.
935 2335 1002 2364 Cod.
1024 2337 1118 2372 Capit.
1139 2337 1285 2373 Gompost.
1309 2347 1333 2366 s.
1357 2347 1386 2366 n.
1407 2340 1441 2367 A.
1468 2355 1503 2360 --

215 2374 299 2401 Brev.
316 2373 577 2408 Compostellanum
589 2375 658 2410 imp.
672 2374 844 2410 Ulisiponae
860 2372 940 2401 1497.
954 2375 986 2401 Β.
999 2388 1037 2393 —
1054 2373 1080 2409 3,
1101 2372 1119 2402 3
1139 2374 1233 2402 dietus
1247 2376 1283 2403 ab
1298 2377 1432 2405 omnibus
1445 2379 1504 2407 AB.
