1651 2518
745 103 1002 138 -110—

593 197 652 228 167.
692 196 734 227 De
753 203 777 226 s.
798 193 951 226 Dominico
971 193 1150 226 Exsiliensi.

775 261 905 298 Hymnus
924 260 973 289 IV.

233 333 261 366 1.
287 332 450 364 Dominicc
476 332 666 372 dignissime,
904 330 936 362 3.
961 328 1020 361 Tui
1045 336 1173 360 securus
1199 329 1323 368 optime,

292 379 382 411 Ovile
404 381 490 410 tuum
515 381 646 418 protege
961 376 1097 407 Tuorum
1123 383 1212 407 casus
1236 375 1367 414 respice,

288 426 331 458 Et
357 433 447 465 opem
473 426 555 457 dona
580 424 708 456 coelitus
961 421 1112 453 Sanorum
1139 425 1258 453 mentes
1278 422 1404 462 robora,

289 472 337 503 Te
361 473 474 504 devote
495 471 685 511 petentibus.
958 467 1156 500 Infirmorum
1178 468 1348 500 consolida.

232 530 261 560 2.
288 527 342 559 Nil
365 529 397 559 in
423 528 502 559 actis
525 526 695 558 fidentibus
902 526 933 557 4.
961 525 1006 557 Ut
1029 525 1199 563 gaudemus
1227 523 1273 556 de*
1291 532 1431 564 corpore,

291 574 515 606 Condescendc
538 572 692 612 propitius
960 572 1130 603 Laetemur
1154 571 1194 602 de
1218 571 1378 610 solamine,

289 622 394 660 Atque
415 621 513 651 reduc
536 620 575 650 ad
602 618 730 651 aethera
962 617 1142 649 Mereamur
1165 620 1197 648 te
1222 625 1359 659 cernere,

288 667 483 699 Laborautes
507 675 564 706 per
587 665 703 697 infima.
962 664 1027 698 Ubi
1051 664 1168 704 gaudes
1193 673 1260 695 cum
1288 664 1404 704 requie.

568 724 598 755 5.
624 721 696 753 Hoc
719 723 855 762 praesta,
882 720 1016 752 clemens
1041 720 1177 760 trinitas,

624 769 709 807 Quae
734 776 766 799 es
791 766 933 806 perfecta
960 768 1069 805 deitas,

629 815 714 853 Quae
737 814 819 853 regis
843 814 951 845 mundi
976 813 1102 846 climata

627 862 745 894 Cuncta
768 860 876 892 vivens
900 869 959 899 per
982 861 1116 894 saecula.

304 927 435 963 Vergara
452 926 472 953 1.
493 935 516 954 c.
537 935 565 961 p.
583 924 647 954 458.

591 1035 650 1066 168.
689 1035 732 1065 De
752 1043 775 1066 s,
795 1033 948 1066 Dominico
968 1033 1149 1065 Exsiliensi.

239 1108 266 1138 1.
292 1106 496 1138 Exsultantes
523 1107 554 1136 et
577 1103 747 1143 psallentes
907 1106 938 1137 4.
968 1105 992 1136 O
1018 1104 1164 1135 sacerdos
1189 1102 1332 1142 gloriose,

339 1161 414 1184 voce
438 1152 525 1183 cordi
551 1159 684 1182 consona
1010 1159 1131 1189 gemma
1156 1149 1279 1181 Christo
1303 1149 1431 1189 placita,

291 1198 519 1232 Praetollamus
545 1197 747 1237 conditorem,
963 1198 1034 1229 Hac
1056 1197 1089 1228 in
1116 1196 1176 1232 die,
1200 1199 1291 1235 pater
1315 1196 1378 1234 pie,

340 1250 427 1284 cujus
450 1244 651 1284 providentia
1012 1252 1135 1283 gregem
1159 1245 1246 1273 tuum
1269 1242 1372 1281 visita,

293 1291 400 1324 Minus
427 1291 511 1330 digni
535 1292 742 1329 proteguntur
964 1289 1074 1329 Neque
1096 1291 1129 1321 in
1155 1297 1192 1320 ea
1214 1289 1417 1328 perturbetur

336 1340 515 1370 sanctorum
538 1345 596 1375 per
620 1336 741 1367 merita.
1011 1341 1066 1368 tua
1091 1344 1204 1367 canens
1228 1335 1352 1367 merita.

237 1397 267 1427 2.
294 1394 396 1433 Hujus
423 1394 511 1425 donis
537 1394 703 1424 exornatus
909 1395 939 1425 5.
965 1393 1161 1424 Delictorum
1185 1392 1288 1423 solvat
1311 1399 1408 1422 nexus

344 1440 503 1472 confessor
526 1439 707 1471 Dominiens
1013 1442 1068 1470 tua
1092 1437 1290 1478 supplicatio,

294 1487 415 1527 Spretis
441 1487 542 1518 carnis
567 1485 726 1517 illecebris
964 1486 1081 1525 Tergat
1105 1485 1214 1517 sordes
1239 1484 1382 1516 vitiorum

340 1538 372 1565 et
394 1533 528 1565 terrenis
553 1533 698 1564 sordibus
1011 1531 1159 1572 frequens
1183 1532 1376 1571 intercessio,

288 1581 391 1621 Digne
416 1580 518 1612 choris
542 1580 694 1611 interesse
966 1580 1050 1619 Quae
1066 1588 1122 1610 nos
1139 1578 1265 1610 tandem
1284 1578 1393 1617 dignos
1410 1577 1524 1608 reddat

340 1627 455 1659 meruit
480 1626 677 1659 coelestibus
1012 1634 1147 1665 superno
1169 1624 1298 1664 palatio.

237 1687 268 1718 3.
295 1685 413 1724 Ipsum,
440 1683 574 1721 Christe,
600 1685 631 1713 te
657 1690 832 1721 precamur,
911 1683 941 1715 6.
968 1682 1033 1721 Quo
1060 1681 1203 1713 coelestis
1225 1681 1423 1713 Hierusalem

339 1734 503 1770 patronum
531 1729 572 1761 da
590 1728 723 1768 miseris,
1015 1729 1164 1760 mirantes
1188 1727 1323 1768 insignia

293 1778 355 1810 Per
380 1785 470 1817 quem
496 1778 608 1808 cuncta
623 1775 850 1816 restinguamus
967 1776 1097 1814 Semper
1122 1775 1245 1808 Christo
1280 1774 1375 1814 digna
1397 1774 1524 1806 laudum

338 1824 498 1856 incentiva
521 1823 649 1855 sceleris
1015 1823 1171 1854 solvamus
1195 1821 1374 1861 praeconia,

297 1872 402 1911 Atque
424 1871 500 1902 laeti
525 1869 769 1901 conscendamus
970 1869 1066 1910 Cujus
1089 1870 1160 1908 J'ure
1185 1869 1336 1900 dilatatur

346 1918 420 1949 celsi
444 1918 555 1957 plagas
578 1916 726 1949 aetheris
1018 1916 1094 1947 orbe
1117 1917 1183 1948 toto
1208 1915 1317 1956 gloria.

620 1974 651 2005 7.
680 1972 778 2011 Patri,
804 1975 888 2012 nato,
914 1972 983 2003 laus
1007 1973 1165 2011 perennis,

721 2018 839 2051 invicta
863 2019 1014 2058 potentia,

676 2065 758 2097 Nato
786 2066 879 2097 decus
904 2067 997 2104 atque
1021 2065 1131 2107 virtus,

726 2112 852 2145 claritas
878 2111 1000 2149 eximia,

674 2159 873 2198 Flaminique
899 2167 966 2189 cum
990 2161 1123 2197 utroque

725 2215 852 2245 compar
876 2204 1072 2237 excellentia„

311 2272 443 2307 Vei-gara
464 2272 484 2298 l.
504 2281 528 2299 c.
555 2281 583 2306 p.
602 2269 674 2299 459:
703 2271 740 2298 In
758 2270 859 2299 eodem
876 2269 951 2298 libro
972 2273 1002 2296 et.
1019 2269 1121 2296 eadem
1139 2269 1226 2296 litera
1244 2270 1385 2304 reperitur
1404 2278 1528 2306 sequens

238 2308 568 2375 lgmnmdeymnusu
580 2310 611 2336 in
636 2310 745 2337 honore
771 2309 865 2336 sancti
882 2307 1030 2335 Dominici
1049 2308 1220 2335 confessoris
1240 2306 1334 2334 editus
1355 2316 1372 2334 a
1390 2307 1527 2345 Philippo

264 2347 358 2374 seensi
403 2348 550 2374 ramatico.
