1651 2518
750 117 1007 152 —124—

508 217 538 248 6.
564 214 693 246 Numini
716 214 799 245 trino
824 212 950 244 monadi
974 215 1128 251 salusque,

565 261 674 293 Gloria
699 262 745 291 est
769 260 853 299 patri
877 259 1041 298 genitoque
1070 267 1193 290 carmen

562 307 698 339 Flamini
719 307 828 344 virum,
853 306 953 337 honor
977 314 1102 347 aequus,
1127 306 1209 337 idem

610 356 744 393 Compar
768 352 902 391 utrique.

309 421 393 447 Brev.
412 420 554 447 Auriense
572 420 640 454 imp.
662 417 856 446 salmanticae
877 414 958 444 1501.

667 516 722 549 191.
761 517 805 547 De
824 517 931 546 sancta
949 515 1090 546 Eurosia.

766 581 814 612 Ad
834 581 989 619 Vesperas.

240 656 271 687 1.
297 654 484 686 Hierarchia
507 653 599 694 trina,
626 652 737 693 gaude,
909 653 939 684 3.
966 651 1054 682 Haec
1079 659 1147 682 cum
1172 659 1246 690 rege
1269 651 1483 689 Hispanorum

341 701 391 733 En
415 701 516 740 spirat
541 700 692 731 ecclesiae
1011 697 1195 730 Maritanda
1218 698 1361 739 mittitur,

292 747 361 779 Lux
384 749 534 779 immensa
559 746 653 786 digna
676 746 770 778 laude
965 745 1091 777 Turbae
1114 744 1232 776 tuenda
1257 745 1393 776 virorum

340 794 493 833 Martyris
517 792 680 830 Eurosiae,
1011 791 1119 823 Nobili
1145 792 1356 829 committitur,

292 840 437 873 Hostium
462 841 571 871 collisa
595 838 707 871 fraude
965 838 1027 870 Sed
1052 839 1085 869 in
1112 839 1164 869 via
1187 839 1395 878 malignorum

342 888 501 926 Antiquae
523 887 690 926 nequitiae.
1010 886 1041 917 A
1064 885 1158 916 turba
1181 885 1352 916 invaditur.

237 946 267 977 2.
293 943 381 974 Haec
404 942 543 975 Bohema
566 943 701 984 natione,
907 944 938 975 4.
963 941 1052 972 Haec
1075 941 1186 972 invasa
1210 941 1387 972 trucidatur

339 990 424 1021 Nata
447 990 530 1029 regis
554 989 665 1025 incliti,
1013 987 1088 1019 Cum
1113 997 1169 1019 sua
1194 986 1322 1028 familia,

294 1037 392 1076 Virgo
417 1045 496 1074 pura
520 1036 633 1066 mentis
656 1036 767 1073 bonae,
963 1034 1138 1066 Trucidata
1161 1038 1337 1073 coronatur,

345 1082 474 1115 Stabilis
499 1082 653 1121 propositi
1014 1081 1131 1112 Summi
1153 1081 1236 1121 regis
1260 1080 1326 1112 filia

293 1129 336 1161 Et
361 1129 452 1161 fortis
477 1130 509 1160 iu
532 1129 679 1169 passione
966 1127 1034 1159 Jam
1062 1126 1171 1159 effecta
1195 1127 1383 1167 suffragatur

344 1176 491 1216 Corporis
516 1176 659 1213 expositi.
1012 1174 1122 1206 Multis
1147 1184 1204 1206 sua
1227 1175 1338 1214 gratia.

628 1233 657 1263 5.
684 1231 781 1269 Patri,
807 1233 879 1262 nato
904 1231 1124 1270 pneumatique

732 1276 826 1316 Laus,
852 1277 951 1308 honor
976 1280 1007 1307 et
1030 1277 1141 1317 gloria„

686 1323 805 1355 Eadem
830 1324 898 1355 laus
921 1323 1086 1363 utrobique

732 1370 842 1401 Multis
867 1370 1076 1409 applausoria‚

684 1416 748 1448 Hic
769 1418 913 1456 regnanti
937 1418 968 1446 et
991 1416 1108 1456 ubique

732 1464 872 1495 Aeterna
894 1464 1052 1495 memoria.

314 1530 396 1556 Brev.
418 1528 543 1556 Oseense
563 1530 592 1554 et
604 1528 744 1555 Jaecense
762 1529 831 1564 imp.
853 1527 1099 1563 Caesaraugustae
1120 1525 1200 1555 1505.
1223 1541 1257 1545 --
1278 1526 1304 1560 2,
1327 1526 1342 1554 1
1362 1526 1512 1554 Bohemia.

670 1628 730 1659 192.
771 1629 813 1659 De
833 1629 942 1659 sancta
960 1628 1099 1660 Eurosifl„

752 1695 799 1724 Ad
817 1694 1004 1724 Nocturnum.

240 1766 270 1799 1.
295 1764 333 1796 In
358 1764 448 1804 hujus
473 1764 573 1795 almae
598 1764 726 1804 virginis
909 1765 938 1796 3.
966 1763 1057 1795 Roris
1082 1762 1210 1802 perfusa
1235 1763 1341 1796 coelici

295 1811 340 1842 Et
362 1811 510 1849 martyris
536 1810 734 1842 dulcissimae
966 1810 1102 1842 Eurosia
1124 1810 1325 1850 pinguedine,

297 1858 408 1890 Laude
434 1858 475 1888 da
498 1866 606 1896 pacem
633 1857 768 1894 famulis,
969 1857 1097 1896 Nostra,
1122 1866 1178 1888 nos
1204 1865 1286 1897 rege,
1313 1856 1457 1889 subtrahi

295 1904 420 1936 Lucis
447 1907 616 1936 creator
639 1905 803 1944 optime.
968 1904 1022 1935 Ne
1038 1912 1140 1935 mens
1157 1907 1336 1943 gravetur
1353 1904 1523 1934 crimine.

240 1964 270 1994 2.
295 1961 406 1992 Finem
432 1963 521 1999 aptas
546 1960 710 2000 principio,
912 1963 944 1994 4.
968 1960 1015 1992 Ut.
1038 1960 1184 1999 pluvialis
1208 1960 1311 1991 laticis

298 2008 386 2039 Bono
410 2007 534 2046 largiris
560 2008 649 2045 operi
968 2006 1121 2038 Procuret.
1144 2006 1336 2038 stillicidium

295 2054 446 2085 Fructum
470 2052 557 2085 finali
580 2055 722 2097 termino,
968 2053 1066 2085 Siccis
1089 2056 1193 2084 terrae
1216 2053 1367 2092 latibulis,

297 2101 372 2139 Qui
396 2101 667 2140 manejungis
684 2102 853 2142 vesperi,
970 2099 1169 2132 Coelorum
1192 2101 1323 2140 pulset,
1338 2100 1524 2131 intimum.

629 2159 659 2190 5.
686 2158 783 2190 Trino
807 2157 874 2190 Deo
900 2160 931 2189 et
954 2156 1089 2195 simplici

690 2204 788 2236 Prece
810 2204 1036 2244 supplicatoria

689 2251 746 2291 Sit,
772 2252 964 2292 postulamus
990 2249 1106 2287 cernui,

692 2299 818 2340 Laus,
844 2299 989 2337 honor,
1018 2298 1172 2338 virtus,
1198 2297 1340 2337 gloria.

312 2365 397 2392 Brev.
417 2363 542 2391 Oscense
562 2366 590 2391 et
608 2364 748 2392 Jaeeense
766 2366 834 2400 imp.
855 2364 1103 2398 Caesaraugustae
1126 2360 1206 2389 1505.
