1651 2518
711 117 966 152 -197-

198 209 281 238 Brev.
306 210 478 239 Toletanum
502 210 570 247 imp.
596 212 728 240 Venetiis
756 209 836 240 1492.
864 213 897 241 O.
925 227 961 232 —
980 213 1064 240 BreV.
1084 212 1255 240 Tolosanum
1283 212 1351 247 imp.
1373 211 1489 246 Hispali

199 245 282 290 1493.
303 248 336 276 Ρ.
356 262 391 267 —
413 249 496 277 BreV.
519 248 782 284 compostellanum
804 252 872 285 imp.
892 249 1064 287 Ulisiponae
1086 247 1165 277 1497.
1188 250 1220 283 Q.
1242 263 1278 268 —
1298 250 1381 277 BreV.
1402 248 1491 276 Foro-

193 286 320 319 Juliense
344 287 412 322 imp.
436 287 559 314 Taurini
586 285 665 315 1497.
686 287 720 314 R.
750 303 784 308 —
809 288 893 315 Brev.
919 288 1091 315 Toletanum
1117 288 1185 323 imp.
1206 288 1336 315 Venetiis
1360 284 1440 314 1506.
1462 285 1490 313 S.

199 339 229 343 —
261 323 346 351 Brev.
366 325 562 352 Braccarense
586 326 655 361 imp.
676 325 871 353 Salmantieae
897 323 978 353 1512.
998 326 1031 352 Τ.
1053 339 1088 344 -—
1106 325 1192 352 Brev.
1213 325 1398 352 Cordubense
1424 325 1491 359 imp.

198 361 316 396 Hispali
340 359 419 389 1524.
441 361 477 389 U.
500 376 533 381 -—
554 363 637 390 Brev.
660 362 835 398 Segoviense
854 364 922 399 imp.
942 363 1095 391 Valisoleti
1118 360 1197 390 1527.
1212 363 1247 389 V.
1268 378 1304 382 —
1324 362 1407 390 Brev.
1423 361 1490 389 Gie-

197 406 288 463 3322?
303 397 627 473 ἔέῧίιὶᾶῗὲῗᾷῗέἓῗῇῗ.
638 401 848 466 {Vim-..iffi
867 397 1440 472 ῗὲῗῗῖὶζῗῗῗἜᾙνᾞὲἓὲἷιὲῇἶῖζηῖ
1453 415 1492 464 Ξ

198 474 380 502 Calciatense
400 476 469 509 imp.
482 475 623 503 Luci-onii
643 473 725 503 1543.
739 476 769 503 Z.
789 490 826 495 —
840 475 923 503 Brev.
938 475 1135 503 Pallantiuum
1148 477 1216 510 imp.
1231 474 1394 503 Pallantiane
1409 473 1491 502 1545.

196 509 245 538 ΑΩ.
265 526 302 530 -
321 512 405 539 Brev.
425 512 573 540 Abulense
592 513 661 549 imp.
682 512 878 541 Salmantieae
899 511 980 541 1551.
1000 510 1047 540 B2.
1081 528 1099 531 --
1127 513 1210 540 Brev.
1230 513 1402 540 Toletanum
1421 513 1490 548 imp.

196 548 333 585 Lugduni
349 547 430 577 1551,
452 548 495 576 0².
517 566 553 570 —
574 550 658 578 Brev.
674 550 852 578 civitatense
865 551 933 586 imp.
953 548 1032 578 1555.
1046 549 1096 578 D2.
1111 564 1148 568 -
1166 550 1250 578 Brev.
1266 550 1408 578 Ovetense
1421 550 1490 585 imp.

197 585 282 614 Oveti
299 585 378 615 1556.
393 584 441 614 ΕΞ.
468 602 501 606 -
521 588 604 615 Brev.
620 587 686 615 Ord.
706 588 735 615 S.
749 589 860 615 Mariae
874 588 909 616 de
922 588 1053 615 Mercede
1066 590 1134 623 imp.
1149 588 1284 623 Lugduni
1299 585 1378 615 1560.
1393 584 1439 615 Fss.
1455 603 1459 607 -
1489 604 1490 607 =

196 623 279 651 Brev.
302 624 493 659 Seguntinum
517 625 586 660 imp.
606 625 764 662 Seguntiae
793 623 872 653 1561.
895 622 941 653 Gss.
967 642 1006 645 —
1027 626 1110 653 BreV.
1132 625 1395 661 compostellanum
1421 626 1489 660 imp.

197 661 393 690 salmanticae
415 660 506 690 1569..
526 662 579 690 ΗΒ.
600 678 634 683 —-
654 664 739 690 BreV.
759 663 932 691 Zamorense
952 664 1020 699 imp.
1043 661 1076 690 15
1084 660 1127 689 **.
1147 661 1184 690 12.

610 763 674 795 339.
714 764 757 795 De
776 764 880 795 sancto
900 763 1076 795 Laurentio.

747 829 795 859 Ad
816 830 942 860 Laudes.

875 900 906 930 2.
933 898 1060 937 Martyr
1084 897 1143 930 Dei
1168 897 1348 937 iaudabilis,

197 899 226 930 1·
254 898 279 931 Ο
304 897 382 930 fehx
406 901 607 938 permUtauQ
931 944 1030 976 Nobis
1055 945 1140 976 adsis
1170 944 1346 985 placabilis,

253 945 345 977 Felix
367 948 489 985 martyr
512 946 544 977 in
570 944 702 983 cambio,

255 991 313 1030 Qui
338 1001 396 1032 pro
421 992 511 1024 brevi
536 992 693 1032 supplicio
931 991 977 1023 Ut
1000 992 1084 1030 apud
1109 1000 1214 1031 regem
1238 991 1357 1031 gloriae

255 1039 396 1071 Aeterno
421 1040 538 1079 gaudet
562 1039 711 1078 praemio.
931 1038 993 1069 Per
1017 1041 1048 1069 te
1072 1038 1115 1070 sit
1137 1039 1222 1070 locus
1248 1039 1365 1072 veniae.

590 1095 620 1128 3.
647 1095 696 1127 Sit
721 1094 845 1127 Christo
871 1094 937 1135 regi
961 1094 1069 1137 gloria,

646 1141 706 1181 Qui
727 1142 813 1181 Juste
836 1149 972 1181 pensans
996 1142 1101 1173 omnia

644 1188 706 1220 Pro
731 1197 766 1219 se
789 1188 892 1227 passis
917 1188 1075 1227 supplicia

643 1235 746 1274 Digne
771 1235 915 1274 rependit
938 1235 1080 1274 praemia

269 1301 351 1328 Brev.
379 1309 431 1328 ms.
452 1300 645 1328 Braccarense
671 1307 745 1327 saec.
774 1296 816 1326 15.
838 1297 906 1326 Cod.
927 1298 1085 1326 Scorialen.
1115 1307 1131 1326 e
1150 1299 1191 1327 IV
1217 1297 1259 1327 10.
1280 1300 1314 1326 A.
1339 1313 1377 1318 -—
1402 1300 1486 1327 Brev.

192 1338 365 1366 Zamorense
400 1346 475 1366 saec.
507 1336 549 1365 15.
579 1337 647 1365 Cod.
674 1336 767 1372 Capit.
797 1337 945 1364 Zamoren.
980 1345 1002 1364 s.
1032 1345 1059 1363 n.
1080 1337 1114 1364 Β.
1141 1340 1192 1364 etc..
1218 1339 1274 1364 wie
1300 1338 1345 1364 bei
1373 1337 1488 1371 vorigor

191 1376 337 1403 Nummer.
363 1391 371 1394 -
427 1375 451 1406 1',
482 1374 495 1402 1
517 1375 587 1402 felix
607 1383 657 1410 pro
678 1376 815 1410 martyrio
836 1374 872 1402 D.
898 1389 934 1393 —
955 1372 980 1407 2,
1006 1373 1026 1402 4
1045 1374 1102 1402 Per
1121 1377 1149 1401 te
1169 1375 1233 1402 laus
1253 1374 1305 1401 fiat
1330 1376 1425 1402 arx—anim
1447 1375 1485 1406 [ῖς

192 1412 244 1440 fiat
262 1414 326 1441 laus
347 1415 451 1441 veniae
470 1414 506 1440 X.
527 1428 563 1432 —
583 1413 655 1440 Dies
678 1412 752 1440 Lied
771 1413 811 1439 ist
830 1420 884 1439 nur
905 1413 950 1440 ein
972 1412 1036 1440 Teil
1056 1412 1184 1446 (divisio)
1204 1412 1253 1439 des
1277 1413 1402 1449 vorigen.

606 1503 676 1535 340.
717 1504 760 1535 De
780 1504 886 1535 saneto
907 1503 1084 1535 Laurentio.

727 1571 775 1600 Ad
792 1571 947 1609 Vesperas-

869 1642 898 1672 5.
926 1640 1059 1672 Assatus
1082 1640 1116 1671 in
1142 1639 1294 1671 eraticula.

928 1686 1084 1726 Operatur
1107 1687 1267 1726 miracula,

194 1641 224 1674 1.
251 1641 372 1674 Chorus
396 1642 503 1672 noster
527 1640 707 1671 solemnitor

250 1689 399 1721 Exsuitet
420 1692 451 1719 et
476 1687 674 1719 concorditer

250 1736 287 1768 In
312 1735 373 1767 hoe
398 1733 478 1766 festo
502 1734 666 1766 Laurentii

250 1783 427 1814 Tormentis
452 1780 536 1813 flecti
560 1781 668 1814 nescii.

191 1841 220 1873 2.
248 1839 355 1871 Sixtus
383 1838 416 1869 in
441 1837 520 1870 urbe
542 1836 641 1869 filium

249 1885 418 1920 Praecedit.
441 1886 480 1917 ad
505 1884 692 1925 martyrium

248 1934 449 1974 Praedioens,
474 1933 525 1964 die
549 1932 645 1964 tertia

247 1982 312 2014 Sua
335 1981 424 2020 sequi
449 1980 590 2020 vestigia.

188 2041 218 2074 3.
245 2039 351 2071 Reddi
374 2037 436 2070 sibi
461 2046 552 2078 quam
579 2036 670 2068 citius

245 2087 424 2119 Thesauros
449 2085 531 2125 petit
553 2084 679 2126 Decius,

246 2134 330 2173 Quos
356 2133 509 2172 dispersit
533 2131 722 2164 Laurentius

243 2181 414 2221 Erogando
440 2179 574 2213 felicius

185 2241 217 2273 4.
245 2240 366 2272 Furens
390 2236 440 2270 ira
464 2246 541 2277 prae
566 2236 662 2268 nimia

242 2285 392 2319 Recurrit
414 2286 456 2318 ad
481 2285 648 2325 supplicia,

244 2333 382 2373 sperans
407 2332 570 2365 tormentis
593 2331 721 2364 flectere

243 2380 392 2416 Sanctum
419 2380 488 2420 Dei,
514 2380 571 2412 sed
597 2383 724 2412 temere.

929 1734 1044 1768 Caesar
1067 1736 1231 1773 torquetur
1258 1732 1380 1771 fortius,

927 1781 1005 1819 Quia
1029 1781 1146 1820 gaudet
1170 1780 1367 1813 Laurentius,

894 1865 900 1871 .
928 1837 1035 1869 Saevit
1057 1836 1139 1877 ignis
1165 1838 1312 1876 exteriuS‚

925 1886 1013 1917 Intus
1040 1884 1164 1917 saevire
1186 1885 1321 1926 nescius,

929 1931 1009 1964 Nam
1035 1932 1154 1963 resistit
1177 1931 1335 1971 potentior

927 1979 1011 2018 Ignis
1036 1979 1118 2011 alter
1140 1979 1283 2012 interior.

892 2062 899 2069 .
926 2035 1061 2076 Magnae
1085 2037 1205 2075 martyr
1229 2035 1431 2076 constantiae,

926 2083 997 2116 Lux
1023 2085 1055 2114 et,
1078 2083 1178 2115 honor
1201 2082 1385 2123 Hispaniae,

926 2131 986 2163 Pro
1011 2130 1101 2163 nohis
1127 2130 1251 2163 Christo
1276 2130 1422 2170 supplica

926 2178 1138 2210 psallentibus
1163 2178 1241 2210 haee
1267 2178 1398 2210 cantica.

891 2260 898 2267 .
926 2234 974 2268 Sit
999 2234 1123 2267 Christo
1146 2234 1212 2275 regi
1237 2234 1346 2275 gloria,

925 2283 984 2322 Qui
1006 2283 1091 2322 juste
1115 2291 1250 2322 pensans
1276 2284 1380 2314 omnia

925 2330 987 2362 Pro
1012 2338 1047 2362 se
1071 2331 1173 2370 passis
1198 2330 1354 2370 supplicia

922 2377 1024 2418 Digne
1048 2378 1195 2418 rependit
1219 2379 1369 2418 praemia,
