1651 2518
767 118 1024 155 —135—

672 230 729 262 217.
768 231 812 263 De
831 232 937 263 sancto
956 232 1129 263 Fructuoso.

744 299 792 328 Ad
811 299 899 337 Vesp.
920 301 949 328 et
966 298 1051 328 Noct.

256 366 285 399 1.
314 365 431 398 Christi
455 369 581 398 sacrata
604 367 751 406 praesule
930 369 960 400 4.
987 367 1055 399 Nec
1078 367 1145 398 sine
1170 365 1352 398 diaconibus

314 412 359 445 Et
380 413 555 445 Fructuoso
580 417 719 453 martyre
986 415 1100 446 Passus
1126 412 1187 444 fuit
1211 413 1385 453 episcopus,

312 458 461 500 Refulget
483 460 560 492 urbs
584 460 759 500 Hispaniae
985 461 1121 500 Quorum
1142 469 1221 491 unus
1244 460 1401 500 Augurius

314 506 405 539 Haec
427 507 609 539 Tarracona
631 508 765 541 nomine.
985 507 1029 539 Et
1054 508 1135 539 alter
1159 510 1206 538 est
1229 507 1393 547 Eulogius.

257 583 286 614 2.
313 583 402 614 Haec
425 582 501 614 urbs
523 592 637 622 magna
660 583 853 624 metropolis,
929 583 959 614 5.
986 582 1122 621 Quorum
1146 582 1241 613 trium
1268 582 1308 613 da
1330 581 1450 612 meritis

310 629 428 661 Marini
451 638 577 661 consors
600 630 713 670 litoris,
985 630 1132 668 Fructus,
1159 638 1176 660 o
1203 628 1335 670 Christe,
1361 627 1497 669 famulis,

311 677 383 709 Jam
406 677 574 709 Fructuosi
598 677 746 716 martyris
984 676 1132 708 Remotos
1156 676 1195 707 ab
1221 675 1358 716 auguriis

309 723 451 755 Ebibens
475 724 560 755 rivos
585 724 753 763 sanguinis.
990 722 1195 755 Sanctificans
1219 723 1359 762 eulogiis.

252 798 283 831 3.
309 797 372 829 Hic
396 797 589 829 Fructuosus
614 798 754 841 moritur,
927 799 957 831 6.
985 797 1094 830 Gloria
1117 798 1186 840 tibi,
1212 798 1355 840 Domine,

309 845 371 877 Per
395 843 531 876 fructum
557 845 652 876 coelis
677 845 786 885 oritur,
981 846 1055 878 Cum
1080 848 1172 884 patre
1189 848 1220 876 et
1237 848 1344 876 sancto
1361 847 1540 884 pneumate,

306 891 377 923 Hac
399 892 432 922 in
456 892 536 923 urbe
559 892 752 932 reconditur,
979 892 1090 923 Honor
1114 900 1183 923 cum
1208 892 1301 923 laude
1325 895 1457 930 perpete

308 938 370 969 Per
394 939 502 970 orbem
522 939 587 970 late
612 939 733 972 colitur.
979 938 1071 970 Nunc
1095 942 1127 970 et
1151 939 1184 970 in
1209 943 1292 970 omni
1316 942 1466 977 tempore.

322 1003 407 1030 Brev.
427 1003 643 1031 Tarraconense
661 1004 729 1039 imp.
749 1004 929 1031 Barcinonae
950 1000 1031 1030 1484.
1052 1017 1088 1021 ——
1110 1001 1134 1037 1,
1154 1001 1174 1030 4
1191 1004 1348 1031 Teracona.

660 1131 720 1162 218.
758 1131 802 1162 De
821 1131 926 1162 sancto
946 1131 1122 1162 Fructuoso.

798 1197 847 1227 Ad
865 1197 990 1227 Laudes.

247 1267 277 1299 1.
302 1267 374 1299 Jam
402 1266 520 1298 saeculi
544 1275 602 1306 per
625 1267 729 1306 spatia
919 1268 950 1299 3.
976 1266 1043 1298 Hos
1069 1266 1274 1306 deprecamur
1299 1267 1403 1308 etiam,

305 1313 396 1345 Nova
419 1314 593 1345 succedunt.
616 1314 741 1355 gaudia,
976 1314 1183 1345 Peccantibus
1207 1319 1242 1345 ut,
1266 1315 1391 1346 veniam

301 1360 410 1391 Trium
434 1364 606 1399 martyrum
631 1358 745 1392 florida
974 1359 1164 1399 Largiantur
1188 1365 1373 1400 perpetuam

300 1406 486 1438 Celebratur
510 1408 652 1439 victoria.
977 1407 1051 1439 Sine
1074 1406 1136 1438 fine
1159 1408 1192 1438 in
1219 1408 1329 1448 gloria.

245 1484 276 1515 2.
301 1482 390 1515 Unus
414 1483 542 1522 praesul
566 1481 760 1514 Fructuosus
920 1484 951 1516 4.
976 1482 1070 1514 Unde
1095 1483 1238 1515 Christus
1264 1492 1333 1514 cum
1357 1485 1490 1525 venerit,

301 1530 399 1561 Vivus
426 1533 582 1561 crematur
603 1530 729 1569 ignibus
976 1528 1110 1560 Referre
1135 1531 1253 1561 cunctis
1277 1532 1418 1573 propria,

301 1576 346 1607 Et
368 1577 466 1608 levita
489 1577 657 1618 Augurius,
977 1576 1075 1607 Nobis
1100 1586 1162 1608 non
1189 1580 1223 1608 ut,
1247 1578 1405 1617 supplicia

297 1623 448 1663 Eulogius
475 1624 633 1656 diaconus.
976 1622 1167 1655 Proveniant
1190 1625 1248 1656 sed
1271 1627 1425 1665 praemia.

610 1681 642 1712 5.
666 1679 756 1711 Haec
780 1689 899 1711 summa
922 1682 1063 1719 praestet
1089 1680 1189 1712 deitas

666 1727 771 1759 Patris
789 1727 917 1766 natique
941 1727 1023 1758 unici

666 1773 823 1813 Sacroque
849 1783 917 1805 cum
936 1774 1108 1813 spiramine

666 1821 703 1852 In
728 1823 919 1860 sempiterna
942 1821 1076 1853 saecula.

316 1887 401 1914 Brev.
421 1887 639 1914 Tarraconense
657 1887 725 1922 imp.
745 1886 927 1913 Barcinonae
948 1883 1030 1913 1484.
1052 1902 1088 1905 —
1113 1884 1140 1921 4,
1160 1885 1180 1914 4
1200 1887 1383 1915 Pei-veniant.
1411 1904 1445 1908 --
1472 1889 1498 1925 5,
1521 1889 1535 1918 1

240 1933 355 1952 summa
374 1927 457 1961 pater
476 1925 577 1952 deitas.

667 2054 727 2086 219.
766 2055 809 2086 De
829 2055 934 2086 sancto
956 2054 1106 2086 Gabriele.

241 2135 273 2169 1.
299 2133 480 2167 Gabrielem
504 2143 698 2175 veneremur,
917 2137 946 2169 2.
974 2134 1113 2177 Gabriel,
1140 2136 1239 2168 virtus
1266 2136 1381 2178 divina,

342 2182 454 2213 summi
479 2182 561 2222 regis
586 2183 739 2222 nuntium,
1023 2183 1141 2214 debiles
1167 2182 1313 2224 fortifica,

299 2230 360 2262 Per
385 2238 477 2269 quem
500 2229 586 2261 Deus
614 2230 772 2270 delegavit
974 2230 1019 2263 Ut
1043 2230 1203 2263 vincamus
1227 2232 1396 2273 inimicum,

343 2286 466 2309 sacrum
491 2277 709 2319 ministerium,
1021 2278 1091 2318 ipse
1115 2288 1170 2310 nos
1197 2279 1375 2320 corrobora,

300 2324 351 2356 Ex
377 2325 496 2365 virgine
519 2325 716 2357 incarnatum
976 2325 1022 2358 Ut
1045 2330 1176 2365 peccata
1200 2327 1407 2369 remittantur,

343 2373 454 2405 Jesum
478 2382 568 2405 suum
592 2371 702 2405 filium.
1023 2373 1093 2413 ipse
1117 2374 1206 2407 nobis
1230 2375 1375 2416 impetra.
