1651 2518
740 140 780 144 —
832 119 991 154 152—

226 216 255 248 5.
283 214 412 247 Oramus
438 224 521 256 ergo,
547 214 698 257 pontifex,
898 217 928 248 6.
955 214 1183 248 Sacrosacratis
1209 214 1356 255 precibus

283 262 419 295 Nostrae
441 263 550 294 salutis
576 261 692 302 opifex,
954 261 1058 294 Servis
1083 263 1168 294 adsis
1192 262 1361 295 humilibus

282 309 370 347 Quod
395 318 451 342 nos
476 310 509 341 in
533 310 642 341 mundi
665 308 791 340 turbine
952 308 995 339 Et
1019 309 1187 349 impetrata
1210 309 1302 341 venia

281 356 347 388 Tuo
370 356 474 389 firmes
498 356 676 388 munimine.
955 354 1071 387 Christi
1097 356 1179 388 dona
1200 365 1256 387 nos
1281 354 1393 396 gratia.

636 413 665 444 7.
691 411 840 443 Dicamus
863 410 948 450 patri
972 411 1104 450 gloriam

695 458 771 490 Cum
795 456 861 490 filio
885 460 1079 497 perpetuam,

692 504 824 537 vivifico
851 513 920 536 cum
942 505 1057 543 spiritu

692 553 730 584 In
756 551 950 584 saeculorum
975 550 1102 582 ambitu.

297 617 380 645 Brev.
409 626 459 645 ms.
480 618 672 653 Hispanicum
700 625 773 644 saec.
800 613 873 643 1¹l12.
896 616 963 644 Cod.
983 616 1144 643 Londinen.
1163 614 1235 643 Add.
1264 612 1369 642 30849.
1389 630 1424 634 —
1446 613 1471 648 2,
1493 612 1511 640 2

226 654 368 682 Sustollit.
389 670 425 675 -μ
444 654 476 690 3,
503 654 520 683 ὃ
539 655 580 682 Et
602 655 757 691 duplicata.
780 669 814 675 -—
833 651 866 687 4,
895 652 913 680 2
932 654 1027 681 Anoxi
1047 653 1145 681 saecli.
1168 666 1202 672 —
1223 651 1248 686 5,
1270 650 1288 680 3
1309 653 1371 686 Quo
1391 661 1453 679 nos.
1473 667 1512 671 —

223 691 249 726 5,
269 691 289 720 4
307 693 384 720 Tuos
405 692 492 721 firme*

638 789 705 821 254.
745 789 787 820 De
808 790 912 820 sancto
933 788 1105 829 Hippolyto.

226 872 255 902 1.
282 870 404 909 Pangat
428 869 540 900 chorus
564 867 704 900 fidelium
896 871 926 901 4.
953 868 1094 900 Tandem
1119 869 1241 901 devicto
1265 868 1363 901 Decio

282 916 450 956 Hippolyti
474 916 685 955 praeconium,
956 915 1130 948 Coronatur
1154 916 1316 955 martyrio,

283 963 378 1001 Cujus
402 964 565 1002 praestant
589 963 739 994 solemnia
953 962 1046 994 Nunc
1069 967 1181 1002 regnat
1203 963 1236 993 in
1265 962 1462 1002 coelestibus,

283 1009 422 1041 Beata
445 1010 565 1040 nobis
590 1009 750 1048 gaudia.
953 1009 1135 1041 Exsultet
1159 1010 1302 1041 coelum
1321 1009 1509 1041 laudibus.

224 1068 254 1098 2.
281 1065 439 1105 Despecta
462 1065 572 1096 mundi
596 1066 696 1104 gloria
898 1067 927 1098 5.
953 1066 1055 1104 Hujus
1079 1074 1174 1104 prece
1195 1064 1346 1097 laetificet

283 1111 427 1151 Suspirat
452 1112 492 1143 ad
519 1112 666 1144 coelestia
953 1112 997 1143 Et
1022 1121 1075 1144 cor
1098 1115 1240 1144 nostrum
1262 1112 1427 1152 illuminet,

282 1159 348 1190 Iter
372 1167 504 1198 sequens
529 1161 561 1190 et
581 1159 737 1197 meritum,
954 1158 1071 1191 Locum
1097 1159 1248 1192 concedat
1271 1159 1383 1191 veniae

281 1205 408 1247 Deus,
434 1209 599 1237 tuorum
623 1206 812 1239 militum.
955 1206 1165 1245 Splendor
1196 1209 1398 1247 paternae
1422 1206 1510 1246 glo-

1287 1263 1304 1285 r
1313 1264 1324 1285 1
1334 1262 1353 1284 a
1363 1262 1387 1287 e.

228 1310 259 1342 3.
288 1308 445 1340 Valeriani
470 1309 590 1342 rabiem
899 1310 929 1342 6.
957 1308 1006 1340 Sit
1027 1309 1106 1349 laUS,
1135 1309 1239 1348 decuS,
1265 1310 1416 1349 potentia,

283 1354 433 1387 Confudit
458 1358 489 1386 et
512 1355 683 1395 perniciem
954 1355 1074 1398 Honor,
1099 1356 1200 1388 virtus
1226 1359 1257 1387 et
1281 1357 1382 1396 gloria

281 1402 348 1433 Tuo
374 1401 471 1433 fultus
497 1402 629 1444 eloquio,
954 1403 1052 1442 Patri,
1079 1405 1151 1434 nato
1178 1412 1246 1435 cum
1270 1402 1397 1435 flamine

281 1449 397 1489 Jesu,
423 1452 570 1480 nostra
593 1449 840 1488 redemptiO.
956 1450 986 1480 A
1011 1449 1113 1481 solis
1138 1453 1257 1482 ortus
1277 1451 1457 1485 cardine.

297 1513 381 1540 Brev.
407 1521 459 1540 ms.
479 1514 603 1541 Vicensc
623 1521 697 1540 saec.
719 1510 791 1540 ¹4l15.
813 1512 881 1540 cod.
903 1513 995 1548 Capit.
1016 1515 1117 1541 Vicen.
1139 1514 1225 1543 CVII·
1247 1515 1281 1542 A.
1301 1531 1338 1534 —
1357 1515 1441 1543 Brev.
1462 1516 1512 1542 Vi-

222 1559 308 1579 censc
326 1552 395 1587 imp.
415 1551 551 1587 Lugduni
572 1549 653 1578 1557.
673 1551 707 1579 B.

632 1661 698 1692 255.
737 1661 780 1692 De
800 1661 904 1692 sancto
924 1659 1098 1701 Hippolyto.

226 1731 256 1763 1.
281 1730 359 1763 Mox
382 1733 509 1762 renatus
534 1739 623 1762 sacro
651 1730 735 1763 fonte
896 1732 926 1764 3.
947 1730 1030 1763 Fide
1055 1732 1162 1764 reddit
1182 1733 1248 1772 jam
1270 1733 1418 1765 vestitum

327 1777 435 1810 mundi
461 1778 545 1809 cedit
568 1778 647 1809 vitio
1001 1780 1140 1819 corporis
1165 1780 1307 1819 nudatio,

280 1824 484 1867 Hippolytus,
511 1825 703 1865 sepulturam
952 1826 1073 1858 Probat
1097 1826 1199 1859 virum
1223 1835 1348 1859 servum
1373 1827 1490 1859 Christi

327 1872 485 1903 ministrat
508 1872 689 1905 Laurentio.
1003 1873 1115 1913 capitis
1140 1875 1307 1908 truncatio.

224 1930 256 1963 2.
281 1927 366 1968 Lege
389 1927 450 1960 Dei
475 1928 614 1961 eruditus
895 1931 926 1963 4.
953 1930 1112 1972 Caeditur,
1140 1940 1200 1963 nec
1224 1939 1294 1962 eum
1319 1934 1420 1963 terret

329 1977 548 2015 praesentatur
571 1975 679 2019 Decio,
1000 1977 1069 2009 dira
1093 1978 1281 2019 verberatio,

281 2021 443 2061 Laetatur,
470 2031 539 2053 cum
563 2020 748 2055 facultatum
953 2023 1070 2055 Fervet
1095 2024 1211 2057 Christi
1235 2026 1268 2056 in
1292 2034 1409 2066 amore,

329 2068 366 2100 fit
389 2070 418 2101 ei
441 2069 624 2102 subtractio.
1000 2079 1070 2102 cum
1097 2070 1134 2102 fit
1158 2073 1222 2104 oris
1247 2071 1373 2106 fractio.

566 2126 596 2158 5.
622 2126 705 2158 Dum
732 2129 875 2159 cruentat
898 2129 1042 2162 sanctum,
1065 2126 1143 2158 ferri

672 2174 831 2214 pectinum
854 2173 977 2206 vexatio

625 2220 670 2252 Et
692 2229 751 2260 per
774 2222 885 2253 cardos
911 2220 1087 2253 traheretur

679 2276 827 2307 equorum
852 2268 1016 2308 supplicio.

297 2330 380 2358 Brev.
405 2340 457 2359 ms.
477 2332 602 2359 Vicense
625 2340 699 2360 saec..
720 2330 793 2360 1⁴l15.
815 2332 882 2360 Cod.
904 2333 997 2369 Capit.
1017 2333 1117 2361 Vicen.
1139 2333 1227 2362 CVII.
1246 2334 1281 2361 A.
1301 2351 1339 2355 —
1359 2336 1443 2363 Brev.
1463 2337 1514 2365 Vi-

224 2376 308 2395 cense
327 2370 394 2404 imp.
414 2369 549 2404 Lugduni
573 2367 653 2396 1557.
673 2370 706 2398 Β.
727 2385 761 2390 —-
784 2368 810 2405 3,
830 2368 850 2397 4
869 2371 996 2406 capitum
1014 2371 1048 2398 B.
