1651 2518
439 197 492 231 14.

441 478 495 511 15.

439 759 492 792 16.

440 1039 494 1072 17.

441 1321 494 1355 18.

443 1602 499 1636 19.

441 1885 496 1917 20.

442 2169 496 2201 21.

684 101 846 137 —229
904 120 941 125 —

518 196 653 237 Agmina
678 198 795 230 coelica
821 197 990 230 dulcisonis

518 243 716 277 concinimus
741 245 899 277 reboando
928 244 1024 282 sonis,

516 290 581 322 Ter
605 300 727 332 quoque
749 292 835 323 trina
857 301 916 332 per
941 290 1048 323 officia

516 337 652 378 Perpete
677 340 806 371 coelitus
831 338 983 381 exposita,

519 385 633 426 Pangit
656 388 692 417 ut
715 386 800 418 alma
822 385 992 425 theologia.

521 478 693 510 Pneumate
719 479 793 511 diva
818 480 929 511 cohors
954 479 1100 520 rutilans,

517 524 693 564 Splendida
715 526 816 566 plebS‚
843 527 1023 558 veneranda
1045 525 1195 564 phalanx,

520 571 654 604 Condita
678 573 805 606 sedibus
830 573 864 605 in
888 573 1010 612 superis

520 619 670 651 Omnibus
696 622 727 651 et
751 622 940 659 superaucta
963 619 1062 659 boniS‚

520 664 682 698 Laudibus
706 666 816 698 inclita
839 667 1010 707 perpetuis.

518 759 626 791 Prima
647 760 806 798 J‘erarchia
830 762 955 799 compta
978 760 1103 792 thronis

521 805 648 838 Eminet
671 807 797 839 arcibus
821 807 989 847 aethereis,

515 853 592 884 Post
616 853 785 887 Cherubim
808 853 1033 894 seraphimque
1058 854 1171 896 choris,

520 899 622 932 Fatur
645 903 681 931 ut
705 901 824 932 eminus
849 904 923 932 ante
948 901 1022 933 data

519 946 730 987 Eymnologia
752 947 974 988 hypophetica.

522 1039 630 1071 Virtus
654 1039 779 1079 abhinc,
807 1039 982 1072 dominatus
1007 1039 1098 1072 adest

522 1087 626 1126 Atque
650 1089 762 1125 potens
785 1095 875 1118 sacer
899 1086 977 1118 ordo
1001 1087 1081 1118 nitet

523 1133 644 1173 Hisque
665 1133 825 1172 jerarchia
847 1133 883 1165 fit
907 1134 1021 1174 media,

520 1181 661 1220 Qualiter
686 1181 885 1221 omniparens
909 1180 979 1212 usia

523 1227 682 1267 Segregat‚
709 1227 845 1267 ordinat,
871 1228 1042 1266 imperitat.

521 1320 641 1353 Ultima
667 1320 800 1361 denique
824 1320 1021 1360 principibus

521 1368 641 1400 Pulcha
662 1367 822 1406 jerarchia
845 1368 978 1400 sidereis

521 1414 655 1447 Tradita
678 1415 828 1454 praeclue
852 1414 1034 1454 theosophis

523 1462 670 1494 Goetibus
696 1463 809 1494 emicat
833 1461 1004 1501 archigeris

522 1508 683 1549 Angelicis
708 1509 836 1541 radians
858 1508 974 1542 euneiS.

523 1601 653 1634 Eminet
674 1602 725 1633 his
749 1610 807 1634 ceu
830 1602 878 1633 sol
901 1601 1035 1633 rutilans

521 1649 745 1680 Archostratos
769 1648 907 1681 Michael
927 1648 1065 1687 radians,

519 1696 667 1728 Vultibus
692 1699 765 1727 ante
789 1695 850 1727 Dei
874 1695 1028 1732 residens,

526 1742 620 1774 Clare
642 1742 744 1775 Deum
769 1742 998 1781 Dominumque
1021 1744 1124 1783 tuens,

521 1789 664 1822 Nominis
689 1799 744 1821 ore
768 1789 816 1821 sui
840 1790 988 1822 renitens

521 1883 609 1924 Ergo
632 1891 691 1924 per
712 1883 770 1915 hos
795 1882 975 1915 veneranda
999 1881 1077 1913 fiunt

522 1930 617 1963 Jussa
642 1931 743 1971 patris
769 1930 960 1971 sophiaeque
983 1929 1085 1969 patris

521 1978 700 2010 Pneumatis
726 1981 758 2010 et
779 1977 872 2010 simul
896 1976 1033 2017 almifici,

521 2025 610 2064 Quod
634 2025 821 2058 teletarchia
845 2025 930 2057 trina
952 2025 1059 2056 manet

519 2072 721 2113 simplexque
744 2081 859 2113 perpes
884 2071 953 2104 usia
976 2072 1070 2112 viget.

523 2168 631 2200 Virtus
655 2167 764 2199 herilis
791 2167 892 2199 amica
915 2166 994 2206 Deo,

519 2216 666 2249 Pondere
689 2215 791 2247 libera
815 2222 976 2255 corporeo,

517 2263 637 2303 Sophia
660 2263 788 2295 condita
810 2261 968 2301 principio

517 2310 562 2344 Et
584 2311 670 2343 necis
693 2310 803 2351 inscia,
829 2318 911 2341 nexa
933 2309 1011 2349 Deo,

520 2358 652 2390 Lumina
676 2358 784 2390 vivida
807 2357 941 2389 sidereo.
