1651 2518
201 468 243 488 Ga.

207 1128 248 1147 Oa.

733 119 985 153 *178*

594 219 624 250 5.
651 216 713 248 Uni
736 215 880 253 trinoque
903 213 1037 245 Domino

653 263 702 294 Sit
725 261 917 299 sempiterna
940 259 1049 300 gloria,

652 309 710 347 Qui
736 307 883 346 caliganti
908 306 1031 338 saeculo

652 355 740 387 Haec
765 354 839 385 bina
864 354 953 385 dedit
975 353 1101 385 lumina.

266 424 359 487 1133?-
380 424 538 458 Sigenense
561 424 630 456 imp.
651 419 899 453 Caesaraugustae
925 415 1006 445 1547.
1027 417 1060 444 A.
1082 432 1117 436 —-
1142 417 1226 444 Brev.
1247 416 1405 444 ulei-dense
1424 414 1493 449 imp.

283 462 307 484 ι’
339 481 345 487 ,
365 461 398 487 B.

626 547 691 579 304.
724 547 768 578 De
787 547 894 577 sancto
914 544 1062 577 Joachim.

751 613 799 643 Ad
819 613 945 642 Laudes.

231 708 238 714 .
263 684 413 715 Laetetur
438 683 516 714 coeli
542 682 629 714 curia
881 683 912 715 3.
938 680 1019 713 Nam
1043 680 1107 712 illis
1132 680 1203 712 dum
1228 679 1437 719 impendimus

263 730 339 762 Cum
366 730 534 761 benedicta
558 729 679 768 virgine
934 727 1072 759 Honoris
1094 727 1311 766 reverentiam,

262 777 347 815 Quae
371 778 473 807 ortum
498 776 596 807 traxit
619 774 757 806 incidam
936 775 1090 806 Devotam
1115 774 1144 805 ei
1168 773 1328 805 reddimus

263 823 433 854 Praeclara
458 831 496 853 cx
520 822 678 862 progenie.
936 821 980 853 Et
1004 824 1077 852 nato
1104 821 1170 860 ejus
1191 820 1334 859 gratiam,

232 903 238 909 .
265 879 324 918 Qui
349 881 438 918 optat
460 881 586 909 sanctae
610 878 739 917 virginis
881 880 915 909 4.
941 876 1002 910 Uni
1028 877 1171 916 trinoque
1194 876 1328 908 Domino

263 926 282 958 J
287 926 374 956 uvari
398 925 459 964 piis
485 925 641 964 precibus,
939 924 985 955 Sit
1011 923 1202 963 sempiterna
1226 923 1335 963 gloria,

263 972 403 1003 Devotus
427 971 470 1002 sit
495 971 664 1003 carissimis
937 970 997 1010 Qui
1021 969 1168 1010 caliganti
1191 970 1315 1001 saeculo

266 1018 355 1049 Illius
378 1018 579 1058 genitoribus.
935 1018 1025 1048 Haec
1049 1017 1124 1048 bina
1149 1016 1236 1047 dedit
1260 1017 1386 1048 lumina.

271 1084 366 1147 ἓξὲξ.
374 1081 546 1147 ἓίςεηοηεα
571 1083 640 1116 imp.
662 1081 714 1109 Cae
732 1083 910 1116 ,ai-augustae
938 1078 1017 1108 1547.
1038 1080 1072 1107 A.
1092 1097 1128 1100 —
1146 1080 1229 1107 Brev.
1251 1079 1408 1108 illei-dense
1427 1081 1495 1116 imp.

633 1208 700 1240 305.
740 1210 783 1240 De
803 1210 908 1240 sancto
928 1207 1075 1240 Joachini.

708 1276 742 1305 In
761 1275 849 1313 Vesp.
870 1278 900 1305 et
917 1275 1002 1305 Noct.

212 1346 242 1377 1.
267 1344 406 1376 Felicem
430 1347 547 1375 sortem
571 1344 709 1375 canimus
885 1346 917 1377 3.
942 1344 1067 1376 Annam
1092 1343 1179 1375 ducis
1203 1344 1237 1374 in
1262 1345 1423 1384 conjugem

270 1391 344 1422 Tibi
369 1390 513 1423 collatam
541 1392 676 1429 desuper
942 1391 993 1422 Ex
1017 1390 1215 1422 sacerdotum
1238 1392 1386 1430 germine,

268 1437 429 1477 Simulque
451 1446 561 1476 preces
587 1436 755 1478 fundimus,
941 1438 987 1470 Ut
1010 1440 1169 1469 texeretur
1193 1437 1291 1470 series

271 1485 295 1516 Ο
321 1484 501 1523 patriarcha
525 1483 678 1517 Joachim.
943 1484 1060 1516 Christi
1084 1484 1231 1523 promissi
1255 1484 1388 1524 generis,

211 1542 243 1572 2.
269 1540 319 1572 De
342 1544 444 1580 stirpe
467 1542 502 1571 tu
524 1539 681 1573 Davidica
886 1542 917 1573 4.
941 1540 992 1572 Ex
1014 1540 1073 1571 tali
1097 1548 1170 1581 ergo
1196 1541 1326 1572 coelitus

271 1588 392 1627 Regum
414 1587 514 1618 trahis
540 1587 700 1628 originem,
942 1588 1064 1620 Horum
1089 1595 1178 1619 sacro
1204 1588 1357 1619 connubio

274 1634 443 1667 Promissio
468 1633 654 1673 prophetica
943 1634 1040 1673 Virgo
1065 1632 1143 1665 felix
1168 1637 1277 1665 exorta.
1302 1638 1359 1677 est,

273 1681 316 1714 Ut
339 1680 438 1713 ferrct
463 1690 550 1711 suum
577 1680 727 1712 ordinem.
944 1680 1050 1712 Maria²
1073 1681 1134 1712 Dei
1159 1681 1305 1720 genitrix,

596 1738 626 1768 5.
650 1737 745 1776 Laus,
772 1738 881 1775 honor,
907 1737 1016 1776 virtuS,
1042 1737 1142 1776 gloria

651 1783 718 1815 Deo
740 1783 824 1823 patri
850 1792 918 1814 cum
942 1783 1017 1822 filio,

652 1830 766 1862 Sancto
792 1830 883 1860 simul
907 1830 1059 1869 paraclito

651 1877 687 1908 In
712 1877 904 1916 sempiterna
927 1876 1059 1908 saecula.

290 1944 371 1970 Brev.
391 1942 577 1969 Valentinum
607 1943 674 1977 imp.
695 1941 819 1977 Neapoli
843 1938 923 1968 1489.
942 1941 976 1968 A.
1003 1956 1036 1960 —
1057 1942 1140 1969 Brev.
1162 1942 1339 1978 Segoviense
1357 1943 1425 1977 imp.
1445 1943 1503 1970 Va-

212 1980 319 2008 lisoleti
342 1978 421 2008 1527.
449 1980 481 2006 B.
568 1981 651 2007 Brev.
672 1980 796 2006 'Yicense
820 1980 888 2013 imp.
908 1978 1043 2014 Lugduni
1070 1977 1150 2006 1557.
1172 1979 1202 2005 O.
1279 1981 1364 2008 Brev.
1385 1980 1453 2007 Ord.
1474 1980 1503 2008 S.

212 2018 324 2045 Mariae
343 2018 379 2045 de
396 2017 529 2045 Mercede
548 2019 615 2053 imp.
636 2017 772 2052 Lugduni
793 2014 873 2044 1560.
894 2016 930 2043 D.

216 2243 244 2275 1.

641 2106 703 2139 306.
744 2107 913 2138 De‘sancto
933 2106 1081 2138 Joachim.

760 2173 807 2204 Ad
826 2173 951 2204 Laudes.

271 2242 402 2273 Beatum
427 2250 499 2282 ergo
526 2242 690 2274 concinant
822 2227 832 2230 -
887 2245 918 2276 2.
943 2243 1031 2274 Haec
1054 2251 1187 2283 namque
1211 2243 1301 2275 nobis
1326 2246 1459 2284 protulit

275 2289 388 2321 Cuncti
410 2287 522 2321 fideles
547 2289 690 2322 Joachim
944 2291 1095 2322 Fructum
1121 2289 1231 2322 salutis
1254 2291 1400 2332 perditis,

274 2335 416 2375 Eumque
440 2336 564 2375 hymnis
590 2335 728 2376 efferant,
945 2336 1004 2376 Qui
1027 2337 1110 2368 viam
1134 2337 1218 2369 vitae
1241 2346 1386 2371 reserans

274 2382 331 2421 Qui
355 2383 450 2414 talem
474 2384 595 2421 prolem
619 2383 735 2422 genuit.
946 2384 1078 2415 Nostros
1098 2387 1204 2416 reatus
1229 2384 1369 2418 abstulit.
