1651 2518
765 95 996 130 ..51-

665 197 715 229 49.
754 195 789 228 In
808 195 996 228 visitatione
1015 195 1101 227 BMV.

759 273 793 302 In
812 273 838 302 2.
857 273 1003 310 Vesperis.

237 350 268 382 1.
296 351 376 389 Ave,
403 350 505 390 stella,
533 349 621 389 cujus
645 349 798 390 splendor
916 350 946 383 5.
972 350 1078 382 Sensit
1101 349 1182 380 enim
1206 356 1320 388 praeco
1344 348 1426 388 regis

344 395 461 436 effugat
485 396 659 437 caliginem,
1018 396 1164 437 virginali
1184 396 1321 427 thalamo

296 444 394 482 Quam
418 444 544 475 induxit
566 443 721 484 inimicus,
971 443 1170 476 Conditorem
1192 451 1292 475 novae
1315 441 1402 481 legis,

343 498 411 521 cum
436 489 563 522 seduxit
586 490 751 529 hominem,
1016 499 1107 530 quam
1131 490 1232 522 veloci
1258 489 1375 520 calamo

295 537 482 576 Concupivit
505 545 561 569 rex
586 537 710 569 omnino
971 537 1009 568 In
1034 538 1165 569 salutem
1190 537 1237 568 sui
1261 536 1363 577 gregis

341 586 428 615 tuam
451 584 729 624 pulchritudinem.
1019 584 1232 623 descripturus
1257 585 1396 614 venerat.

236 650 266 681 2.
295 649 543 681 Pulchritudinis
569 650 682 681 decore
913 651 943 682 6.
971 650 1142 682 Adorando
1167 649 1256 681 miles
1281 657 1385 688 regem

341 695 425 727 inter
450 696 561 728 choros
583 696 736 735 virginum
1017 705 1117 736 genua
1140 696 1338 736 multiplicat,

301 742 438 775 Coelitus
463 743 592 782 perfusa
616 752 697 782 rore,
971 744 1067 783 Quem
1094 742 1236 774 Christus
1260 740 1488 782 magnificando

346 789 483 821 candens
508 790 590 821 sicut
612 790 722 832 lilium,
1016 789 1159 829 protinus
1185 788 1369 830 sanctificat,

293 836 430 875 Magnae
454 835 529 868 fidei
552 835 660 875 vigore
969 836 1032 868 Sed
1057 840 1089 868 et
1112 837 1199 876 virgo
1226 835 1410 868 exsultando

343 883 514 922 concepisti
539 881 646 914 filium.
1019 883 1131 915 cecinit
1151 883 1344 924 Magnificat.

238 950 268 981 3.
296 948 390 980 Unde
414 957 544 990 surgens
568 951 604 979 ut
628 957 751 988 aurora,
912 950 941 982 7.
969 948 1074 988 Virgo,
1103 957 1182 987 quae
1204 948 1440 980 circumdedisti

341 995 495 1027 scandens
520 995 585 1026 alta
608 995 769 1035 montium,
1015 995 1115 1026 virum
1140 995 1207 1026 sine
1230 995 1357 1033 semine,

293 1041 424 1079 Ferens,
451 1051 468 1073 o
494 1042 581 1081 virgo
607 1042 731 1082 decora,
967 1041 1114 1074 Famulos
1138 1045 1172 1072 tu
1197 1041 1338 1073 meruisti

342 1089 574 1128 redemptorem
597 1089 746 1128 gentium,
1014 1092 1181 1128 protegens
1206 1097 1226 1119 a
1251 1088 1390 1127 erimine,

292 1135 461 1167 Advenisti
485 1135 553 1166 sine
577 1144 665 1167 mora
967 1134 1099 1167 Liberos
1125 1144 1144 1165 a
1167 1138 1268 1166 morte
1291 1135 1376 1166 tristi

339 1181 422 1213 senis
447 1182 479 1213 in
504 1181 660 1213 solatium.
1015 1182 1097 1213 celso
1122 1181 1224 1213 lustra
1244 1181 1368 1213 lumine.

232 1250 265 1280 4.
291 1247 384 1278 Duloi
408 1256 484 1278 voce
509 1247 653 1280 salutasti
909 1247 940 1279 8.
967 1246 1081 1278 Sancto
1105 1244 1223 1277 flamini
1248 1247 1288 1278 sit
1313 1247 1412 1278 honor

339 1297 502 1333 cognatam
527 1294 696 1333 humiliter,
1013 1293 1191 1333 gravidanti
1217 1293 1367 1333 virginem

290 1341 343 1372 Ad
369 1341 456 1379 cujus
482 1340 665 1372 suavitatem
966 1338 1050 1372 Sexu
1073 1340 1234 1380 prolisque
1260 1340 1372 1371 ditanti

339 1391 450 1427 mater,
476 1386 580 1419 infans
605 1387 727 1426 pariter
1014 1388 1173 1418 senectute
1197 1387 1347 1426 sterilem,

290 1435 404 1466 Sancto
430 1435 543 1473 spiritu
567 1434 681 1473 repleti
965 1433 1075 1465 Honor
1099 1434 1184 1472 patri
1207 1433 1333 1474 filioque

339 1481 495 1513 exsultant
520 1480 678 1512 alacriter.
1013 1489 1070 1520 per
1094 1480 1245 1512 immensa
1266 1481 1401 1512 saecula.

307 1547 390 1574 Brev.
417 1554 468 1572 ms.
496 1545 551 1572 FF.
577 1543 606 1571 S.
627 1545 799 1579 Hieronymi
826 1546 895 1572 anni
924 1542 1004 1573 1463.
1039 1545 1107 1573 Cod.
1127 1545 1273 1572 Matriten.
1294 1545 1319 1571 A
1348 1543 1409 1572 169.
1429 1547 1462 1574 A.
1486 1561 1521 1565 -

230 1585 333 1611 Diurn.
359 1591 413 1610 ms.
440 1583 496 1610 FF.
524 1580 553 1610 S.
579 1583 754 1617 Hieronymi
779 1590 853 1610 saec.
882 1580 924 1610 15.
952 1582 1020 1610 Cod.
1047 1583 1075 1610 S.
1102 1582 1279 1610 Ferdinandi
1303 1583 1449 1611 Matriten.
1480 1581 1522 1611 13.

230 1622 262 1649 B.
288 1636 324 1639 —
350 1621 434 1649 Brev.
462 1621 518 1648 FF.
546 1619 574 1646 S.
602 1620 775 1655 Hieronymi
800 1620 868 1655 imp.
895 1620 1032 1656 Lugduni
1060 1617 1140 1648 1547.
1168 1620 1199 1648 G.
1227 1636 1231 1640 ·
1295 1621 1379 1648 Brev.
1409 1622 1466 1649 FF.
1494 1620 1522 1648 S.

228 1659 403 1723 Hiermsgff
427 1659 497 1722 Eup.
525 1654 777 1693 Caesaraugustae
804 1655 885 1684 1562.
905 1657 943 1685 D.
971 1672 1006 1676 --
1027 1658 1110 1685 Brev.
1130 1658 1278 1686 Abulense
1301 1659 1370 1694 imp.
1391 1659 1524 1686 Salman-

229 1697 305 1723 ticae
401 1715 407 1721 .
438 1701 462 1720 ⁴.

643 1821 692 1854 50.
732 1822 766 1853 ln
791 1822 1003 1854 Transfixione
1024 1823 1110 1855 BMV.

716 1898 751 1929 In
770 1899 858 1936 Vesp.
880 1902 908 1929 et
925 1898 1018 1929 Laud.

500 1978 531 2011 1.
559 1977 700 2018 Virginis
724 1977 886 2018 planctum
909 1978 1105 2010 modulemur
1129 1979 1229 2011 almae

559 2025 721 2057 Mentibus
746 2024 835 2064 puris
860 2027 1045 2065 resonetque
1069 2027 1135 2057 toto

560 2072 622 2104 Ore
650 2072 766 2104 sacrati
790 2072 914 2112 gladius
939 2076 1107 2111 penetrans

603 2119 745 2151 Pectoris
771 2122 904 2153 antrum.

496 2198 528 2229 2.
554 2195 579 2227 Ο
606 2194 718 2234 quibus
743 2196 845 2226 mater
869 2194 1007 2226 lacrimis
1033 2194 1161 2227 videbat

551 2242 667 2274 Filium
692 2242 806 2282 palmis
830 2242 1027 2283 pedibusque
1049 2242 1155 2283 fixum,

555 2289 713 2322 Verticem
740 2289 839 2329 spinis
864 2289 956 2321 simul
982 2292 1013 2321 et
1037 2288 1173 2322 foratum

601 2337 740 2377 Cuspide
764 2339 884 2376 pectuS.

1312 2394 1350 2424 4*
