1651 2518
696 90 946 125 —189-

200 207 205 213 .
231 180 283 213 Ad
310 191 435 214 sacrum
463 184 551 222 eujus
577 186 729 216 tumulum
856 188 885 219 7.
912 185 998 224 Jesu,
1025 193 1083 224 per
1107 184 1202 215 istum
1228 184 1330 224 abjice

233 228 326 259 Vires
348 231 509 262 restauras
534 231 676 270 perditas
912 232 1099 264 Nostrorum
1125 232 1222 263 moles
1248 231 1423 270 eriminum,

233 274 278 306 Et
302 283 428 307 caecum
454 285 546 309 sanas
571 278 704 317 oculum,
911 278 1009 310 Vultu
1032 286 1199 318 precamur
1223 277 1366 317 supplice

233 321 257 354 Ο
284 321 373 365 lux,
402 323 528 355 beata
550 325 744 357 trinitas.
909 326 964 357 Te
984 325 1092 357 111618
1117 327 1214 356 ante
1238 324 1469 356 terminum.

199 414 205 420 .
233 388 280 420 Ob
306 388 365 420 hoe
390 388 503 420 chorus
528 391 710 422 solemniter
853 392 883 424 8.
910 391 960 423 Sit
983 390 1119 422 trinitati
1144 390 1246 430 gloria

231 435 269 467 In
295 435 362 474 ejus
384 435 512 467 laudem
538 441 665 469 resonat
909 437 1068 478 Regnanti
1092 446 1187 476 super
1212 437 1351 472 aethera,

232 482 392 522 Hymnum
419 492 534 515 novum
560 483 767 526 concorditer,
911 484 995 522 Quae
1022 483 1112 515 nobis
1140 484 1193 515 det
1216 483 1249 514 in
1274 483 1380 523 patria

232 530 312 561 Vox
334 530 455 570 clara,
484 538 587 570 ecee,
615 530 775 563 intonat.
910 530 1276 562 AeternaChristi
1292 537 1471 561 munera.

250 594 341 622 Psalt.
354 594 554 622 Pallantinum
567 595 785 630 imp-Lucronii
798 592 879 622 1512.
891 609 928 613 —
937 594 1020 623 Met:
1036 595 1256 630 Congaudentes
1271 602 1337 622 eum
1351 593 1471 630 angelis.

626 724 692 756 324.
730 725 775 756 De
794 726 901 755 saneto
921 724 1022 755 Ivone.

697 800 744 830 Ad
763 801 952 831 Nocturnum.

205 903 213 911 .
241 879 362 921 Gaude,
387 878 465 911 felix
489 879 666 919 Britannia,
854 882 886 913 5.
913 880 1026 913 Claudi
1051 881 1161 920 procul
1187 880 1346 921 exsiliunt,

236 927 386 959 Laudans
412 926 536 958 exsulta
560 926 692 968 cantico,
912 927 1071 959 Sanantur
1099 927 1308 967 energumeni,

238 973 366 1005 Adsunt
388 982 523 1013 namque
547 974 699 1005 solemnia
914 974 1012 1013 Aegri
1035 982 1142 1005 euram
1162 974 1320 1013 recipiunt

239 1021 288 1052 De
311 1023 444 1059 patrono
468 1020 611 1060 mirifico,
912 1020 957 1052 Et
980 1029 1045 1061 VOS,
1072 1020 1189 1061 tristes,
1215 1020 1370 1054 solamini.

209 1113 214 1120 .
239 1087 346 1125 Ivone,
374 1085 414 1118 de
437 1086 588 1125 prosapia
855 1088 886 1120 6.
911 1087 1039 1118 Amissa
1064 1086 1119 1118 dat
1143 1086 1278 1129 restitui,

241 1133 363 1165 Grandi
389 1133 474 1164 claro
499 1133 673 1175 progenito,
910 1133 955 1165 Et
978 1137 1161 1173 peccatores
1186 1134 1358 1172 poenitent,

239 1180 303 1212 Sed
329 1183 431 1219 major
455 1182 559 1211 exstat
582 1180 684 1220 gratia
913 1180 1152 1212 Resuscitantur
1177 1181 1304 1220 mortui,

239 1227 329 1259 Pluri
353 1227 497 1258 relucens
522 1226 644 1258 merito.
913 1227 983 1259 Hoc
1007 1227 1097 1267 signa
1120 1228 1220 1258 inulta
1244 1227 1393 1260 renitent.

184 1298 213 1325 ·.
243 1294 333 1325 Viam
359 1296 469 1324 tenens
490 1293 635 1331 J'ustitiae
857 1295 886 1326 7.
915 1292 980 1325 Nos
1005 1292 1186 1324 insistentes
1211 1292 1358 1324 laudibus

239 1339 326 1372 Pede
351 1340 486 1371 calcavit
510 1342 623 1378 terrea,
912 1340 999 1380 Tuis,
1029 1340 1094 1372 Ivo.
1120 1340 1301 1379 precamine

240 1386 380 1419 Granum
405 1395 517 1425 purum
542 1386 717 1418 munditiae
913 1387 991 1428 Tuo,
1018 1387 1101 1419 cives
1127 1395 1195 1418 cum
1222 1387 1342 1418 civibus

238 1433 308 1466 Poli
332 1434 449 1466 transit
473 1434 514 1466 ad
539 1434 662 1466 horrea.
914 1434 1001 1466 Coeli
1025 1433 1107 1473 quod
1133 1434 1238 1473 simuS,
1265 1434 1379 1467 obtine.

207 1528 213 1534 .
240 1500 334 1533 Miris
359 1500 440 1532 nitet
464 1499 635 1539 miraculis,
856 1501 887 1532 8.
914 1499 963 1531 Sit
986 1500 1131 1541 trinitati,
1159 1500 1269 1542 gloria,

238 1547 350 1580 Surdis
375 1547 502 1579 auditus
527 1547 681 1590 redditur,
913 1546 1069 1586 Regnanti
1093 1555 1189 1586 super
1214 1547 1352 1584 aethera,

238 1595 310 1627 Lux
334 1594 441 1634 prisca
466 1594 551 1625 redit
573 1594 682 1636 oculis,
916 1593 1002 1632 Quae
1025 1593 1116 1625 nobis
1143 1594 1197 1625 det
1220 1594 1253 1625 in
1276 1594 1381 1633 patria

237 1643 346 1674 Mutus
371 1640 489 1673 affatim
512 1641 659 1680 loquitur.
914 1642 1057 1673 Aeterna
1081 1640 1198 1673 Christi
1222 1649 1361 1673 munera.

254 1715 346 1743 Psalt.
366 1715 566 1743 Pallantinum
585 1716 655 1750 imp.
675 1715 815 1742 Luci-onii
837 1712 917 1741 1512.

631 1843 696 1875 325.
730 1843 773 1874 De
796 1844 903 1874 sancto
922 1842 1024 1874 Ivone.

729 1920 778 1950 Ad
796 1919 922 1951 Laudes.

202 2028 208 2034 .
237 2002 327 2036 Giees
351 2001 504 2044 polorum,
530 2000 674 2040 plaudite
858 2001 889 2032 3.
914 1999 1043 2031 Partem
1068 1999 1163 2039 elegit
1187 1999 1347 2039 optimam,

234 2050 280 2082 Et
305 2058 370 2091 VOS,
396 2047 524 2087 fratres,
551 2048 716 2087 concinite,
915 2046 1021 2078 Vitam
1048 2046 1138 2078 duxit
1160 2046 1370 2086 purissimam,

234 2097 291 2129 Ivo
318 2095 481 2127 confessor
503 2095 600 2127 hodie
916 2094 1088 2126 seminavit
1112 2093 1145 2125 in
1169 2094 1318 2136 lacrimis,

234 2145 288 2177 Ad
313 2152 443 2183 regnum
469 2143 584 2175 transit
609 2143 737 2183 gloriae.
914 2140 1007 2173 Nune
1030 2142 1120 2173 metit
1144 2140 1175 2173 in
1200 2141 1390 2173 laetissimis.

200 2237 206 2242 .
232 2212 293 2252 Qui
318 2210 417 2243 nundi
442 2210 535 2250 hujus
559 2210 675 2251 gaudia
856 2210 887 2242 4.
914 2209 984 2241 Jam
1012 2209 1117 2248 coelis,
1144 2209 1210 2248 Ivo,
1237 2207 1361 2249 frueris,

234 2259 335 2298 Vana,
363 2258 493 2299 caduca,
521 2257 629 2289 brevia
914 2255 978 2288 Ora
1001 2264 1059 2296 pro
1084 2255 1173 2288 nobis
1198 2256 1331 2298 miseris,

236 2306 374 2347 Sprevit,
402 2305 546 2345 caleavit,
572 2305 687 2347 renuit,
917 2304 963 2336 Ut
987 2303 1049 2335 tuis
1074 2304 1192 2336 sanctis
1217 2304 1363 2344 precibus

233 2353 398 2394 Mundum,
429 2361 564 2391 carnem,
591 2352 650 2385 Bel
669 2353 798 2385 domuit.
921 2350 1008 2383 Coeli
1029 2351 1199 2393 jungamur
1224 2351 1354 2386 civibus,
