1651 2518
736 99 968 136 ,9η-

661 211 718 243 141.
758 212 801 244 De
822 212 925 243 saneto
945 211 1056 243 Blasio.

709 288 757 318 Ad
775 288 863 326 Vesp.
885 290 915 317 et,
932 287 1017 318 Noct-

213 364 244 396 1.
270 364 429 404 Hymnum
455 373 602 397 canamus
626 365 745 405 gloriae

268 410 406 452 Christo,
432 412 484 450 qui
510 414 557 444 est
582 411 736 444 mirabilis

265 458 303 489 In
328 459 445 489 sanctis
471 459 545 501 suis,
572 459 666 490 hodie

269 504 318 536 Sit
342 505 433 536 nobis
459 505 658 539 exaudibilis,

211 570 243 603 2.
270 571 335 602 Iste
360 579 475 602 corona
501 572 624 610 gemina

272 616 342 648 Jam
370 618 532 649 coronavit
556 617 707 659 Blasium,

269 663 367 701 Quem
392 665 433 696 ad
458 668 634 696 sanctorum
660 664 783 703 agmina

268 710 459 742 Transvexit
483 720 542 750 per
564 711 761 751 martyrium.

888 366 919 398 3.
946 365 1005 405 Qui
1030 365 1148 404 duplex
1171 363 1231 396 fuit
1256 364 1395 395 medicus

946 413 1023 444 Tam
1049 412 1189 450 corporis
1214 419 1306 450 quam
1330 411 1462 448 animae,

947 459 1050 492 Goelis
1076 458 1174 490 claret.
1197 457 1349 490 almificus

945 508 1066 544 Aegros
1092 513 1202 536 curans
1226 504 1396 544 potissime,

886 571 917 602 4.
946 570 1081 603 Coelesti
1103 570 1310 602 medicamine

946 618 1117 650 succurrat
1138 617 1229 649 nobis
1254 616 1387 657 Blasius,

947 665 1012 696 Nos
1037 664 1192 696 involutos
1218 664 1347 695 crimine

947 712 1098 744 Resolvat
1121 720 1204 743 nunc
1226 710 1391 750 propitius.

603 778 635 809 5.
660 775 729 808 Deo
754 776 900 815 trinoque
923 777 1058 817 simplici

660 822 756 863 Laus,
784 822 878 854 decus
905 825 999 863 atque
1022 822 1131 863 glofia,

664 869 726 901 Per
752 869 844 908 hujus
869 878 959 909 opem
984 870 1099 902 medici

660 916 837 948 Trahamur
860 917 905 948 ad
930 917 1087 949 coelestia..

287 982 371 1008 Brev.
396 990 449 1009 ms.
474 982 670 1008 Tirasonense
698 989 773 1008 saec.
800 978 872 1008 ¹4l15.
900 981 968 1009 Cod.
993 981 1085 1017 Capit.
1111 982 1280 1009 Tira-senen.
1308 990 1328 1008 ς.
1353 990 1380 1008 n.
1407 982 1441 1008 A.
1469 995 1506 999 ——

207 1019 290 1047 Brev.
318 1027 370 1046 ms.
390 1018 563 1046 Toletanum
589 1027 663 1046 saec,
686 1016 728 1045 14.
761 1017 830 1045 Corl.
852 1019 946 1054 Capit.
966 1018 1099 1046 Toletani
1119 1015 1219 1046 33—6.
1240 1018 1272 1045 B.
1293 1032 1328 1037 -—
1349 1019 1432 1046 Brev.
1453 1027 1505 1045 ms.

209 1056 383 1084 Toletanum
404 1064 478 1083 saec.
501 1055 545 1083 15.
566 1054 634 1083 Cod.
656 1055 749 1091 Capit..
769 1056 904 1083 Toletani
923 1054 1025 1084 33²9.
1047 1055 1077 1083 C.
1098 1070 1134 1075 —
1147 1057 1230 1083 Brev.
1244 1056 1416 1083 Toletanum
1437 1056 1505 1090 imp.

206 1094 339 1120 Venetiis
370 1091 452 1121 1483.
482 1094 518 1120 D.

576 1109 582 1112 -
613 1094 696 1121 Brev.
725 1092 895 1120 Toletanum
926 1095 994 1129 imp.
1024 1094 1155 1121 Venetiis
1186 1091 1265 1120 1492.
1294 1094 1329 1120 E.
1356 1108 1363 1112 -
1419 1093 1503 1120 Brev.

204 1131 377 1159 Toletanum
404 1132 472 1166 imp.
493 1130 611 1164 Hispali
640 1128 720 1158 1493.
741 1131 773 1158 F.
799 1145 836 1149 —
855 1132 938 1158 Brev.
966 1139 1017 1158 ms.
1038 1131 1210 1158 Toletanum
1233 1139 1307 1157 saec.
1329 1128 1402 1157 14115.
1435 1130 1503 1158 Cod.

206 1168 295 1196 Univ.
314 1168 462 1195 Matriten.
483 1166 520 1196 48
539 1166 708 1203 (92—1).G.
741 1185 750 1188 -

207 1204 231 1239 1,
255 1204 269 1232 1
291 1213 427 1233 canamus
447 1206 559 1241 gratiae
578 1205 616 1232 H.

782 1168 864 1195 Brev.
879 1168 1053 1196 Toletanum
1071 1170 1140 1203 imp.
1155 1168 1291 1205 Lugduni
1314 1165 1393 1195 1551.
1408 1168 1445 1195 H.
1467 1183 1503 1187 ——

654 1332 716 1364 142.
754 1333 798 1364 De
822 1332 927 1364 sancto
946 1331 1056 1363 Blasio.

747 1418 795 1448 Ad
813 1417 941 1447 Laudes.

211 1508 240 1539 1.
268 1507 304 1538 In
329 1506 500 1545 matutinis,
525 1506 667 1548 Domine,

266 1554 383 1585 Vocem
409 1554 517 1585 demus
542 1552 755 1592 hymnidicam

267 1600 350 1639 Tibi,
376 1600 429 1639 qui
454 1600 556 1632 trinae
579 1599 743 1631 machinae

264 1646 359 1687 Regis
383 1649 531 1685 potenter
554 1645 718 1679 fabricam.

207 1715 238 1745 2.
266 1711 348 1744 Nam
372 1712 436 1743 vim
463 1711 578 1744 dedisti
601 1711 708 1744 Blasio

266 1759 407 1791 Sanandi
433 1759 575 1791 membra
598 1758 756 1801 languida,

263 1806 360 1847 Cujus
383 1806 437 1845 pio
461 1805 609 1845 suffragio

266 1853 333 1885 Fac
359 1853 456 1885 corda
478 1856 587 1885 nostra
611 1852 723 1885 nitida.

885 1505 916 1538 3.
942 1505 1005 1537 Hic
1029 1514 1064 1536 se
1087 1505 1251 1538 tormentis
1276 1505 1391 1537 obtulit

941 1553 1083 1585 Diversis
1108 1554 1203 1591 atque
1226 1553 1384 1592 gravibus,

942 1600 1028 1639 Quae
1051 1598 1149 1640 gratis
1173 1608 1231 1638 pro
1254 1602 1286 1630 tc
1309 1600 1442 1639 pertulit

942 1646 1013 1678 Suis
1036 1646 1069 1677 in
1093 1646 1241 1678 membris
1267 1646 1421 1680 omnibus,

883 1713 914 1744 4.
944 1712 1004 1743 Per
1029 1713 1062 1743 te
1086 1711 1174 1751 prius
1197 1711 1367 1744 virtutibus

940 1759 978 1791 In
1003 1761 1109 1790 monte
1131 1757 1221 1790 fulsit
1242 1762 1357 1798 terreo,

942 1807 1006 1838 Pro
1029 1806 1121 1837 nobis
1145 1806 1188 1837 sit
1211 1807 1372 1839 exsulibus

945 1854 1096 1885 Precator
1118 1852 1150 1884 in
1176 1853 1331 1888 aethereo.

601 1920 631 1952 5.
659 1918 801 1958 Praesta,
826 1921 917 1958 pater
942 1918 1092 1959 piissime,

656 1966 805 1998 Laudare
828 1974 923 2006 prece
946 1966 1056 1998 sedula

656 2013 703 2045 Te
726 2016 910 2054 regnantem
935 2013 1087 2045 latissime

655 2060 718 2093 Per
742 2061 939 2093 saeculorum
963 2061 1097 2095 saecula.

275 2128 358 2156 Brev.
383 2135 435 2154 ms.
463 2126 658 2153 Tirasonense
686 2133 761 2153 saee-
789 2123 862 2153 ¹4l15.
891 2125 959 2153 Cod.
988 2125 1074 2162 Capit
1105 2126 1274 2154 Tirasonen.
1302 2136 1323 2154 s.
1351 2136 1378 2154 n.
1406 2128 1440 2155 A.
1466 2143 1505 2148 —

202 2167 284 2194 Brev.
310 2174 363 2193 ms.
383 2165 556 2193 Toletanum
581 2172 658 2192 saec.
682 2161 725 2190 14.
754 2163 822 2191 Cod.
845 2163 937 2200 Capit.
958 2163 1093 2191 Toletani
1113 2161 1214 2192 33—6.
1235 2164 1267 2191 B.
1289 2180 1325 2184 —-
1345 2165 1430 2193 Brev.
1450 2174 1503 2194 ms.

198 2204 372 2232 Toletanum
400 2211 475 2231 saec.
498 2200 541 2229 15.
564 2201 631 2229 Cod.
655 2201 747 2237 Capit.
769 2201 905 2229 Toletani
924 2199 1017 2229 33—9
1049 2201 1078 2229 C.
1099 2217 1133 2222 —-
1155 2202 1238 2229 Brev.
1260 2211 1310 2230 ms.
1331 2203 1503 2231 Toletauum

197 2250 272 2269 saec.
301 2240 374 2270 ¹⁴¹1'15.
400 2239 470 2269 Cod.
499 2240 588 2267 Univ.
618 2240 767 2267 Matriten.
793 2237 831 2274 48
855 2237 978 2273 (92—1).
1007 2239 1043 2266 D.
1069 2254 1103 2258 --
1132 2240 1214 2267 BreV.
1234 2240 1408 2269 Toletanum
1433 2243 1503 2278 imp.

198 2280 330 2308 Venetiis
353 2277 434 2307 1483.
454 2278 489 2305 Ε.
510 2294 549 2297 -
571 2278 651 2305 BreV.
674 2278 846 2305 Toletauum
866 2279 935 2313 imp.
956 2278 1087 2305 Venetiis
1110 2275 1191 2305 1492.
1210 2278 1242 2306 F.
1263 2294 1301 2299 -—
1321 2279 1403 2308 BreV.
1417 2278 1501 2308 Tole-

198 2322 298 2347 tanum
319 2319 388 2351 imp.
407 2317 528 2352 Hispali
551 2313 632 2344 1493.
652 2317 686 2345 G.
706 2332 744 2336 —
763 2317 847 2344 Brev.
867 2315 1039 2344 Toletanum
1060 2317 1129 2353 imp.
1149 2316 1284 2354 Lugduni
1307 2315 1386 2345 1551.
1406 2319 1444 2347 Η.

196 2354 225 2391 4,
245 2352 264 2382 2
283 2355 368 2383 fulsit.
385 2357 472 2383 tertio
493 2355 527 2382 A.

254 2406 379 2432 Dreves,
394 2405 528 2434 Hymnodia
541 2405 660 2429 Hiberica.

1316 2402 1333 2430 7
