1651 2518
714 98 964 133 —188-

470 196 500 228 8.
527 194 636 226 Gloria
658 192 735 233 Deo,
761 192 829 233 regi
854 190 1075 234 confessorum!

528 241 615 273 Patri
638 248 676 272 ae
699 241 773 271 nato
797 238 976 278 flaminique
1000 243 1118 276 sancto2

528 287 588 325 Qui
611 285 724 318 fortem
751 286 848 317 donat
871 285 961 317 Justo
984 285 1018 317 in
1044 285 1201 317 custodem

572 334 611 366 In
635 333 704 365 Vici
728 332 850 365 turmis.

274 408 359 435 Brev.
374 408 497 435 vicense
510 408 577 441 imp.
592 405 727 441 Lugduni
743 403 823 433 1557.
838 421 875 426 —
888 403 913 438 5,
935 404 952 432 2
966 407 995 432 et
1010 405 1092 432 infra.
1104 420 1140 425 —
1151 404 1176 438 6,
1200 403 1214 432 1
1230 406 1286 439 Qui
1299 406 1437 432 nostrum.
1448 418 1484 424 —-

203 443 228 479 6,
250 442 267 471 2
288 446 367 479 Quae
387 447 494 472 nostro.
516 458 552 463 ——
572 442 597 478 6,
618 440 635 470 3
655 450 690 471 ex
711 444 815 470 anima.

653 588 718 620 322.
755 589 799 620 De
813 589 918 620 saneto
932 589 1029 620 Justo.

718 665 765 695 Ad
784 665 971 696 Nocturnum.

479 743 509 776 1.
536 742 643 774 Celsus
669 745 699 775 in
726 744 819 775 astris
847 744 940 775 micat
966 746 997 774 et
1020 742 1155 784 refulget

535 789 643 821 Justus
667 793 700 822 et
722 791 849 822 nimium
876 790 1003 822 excellit.
1026 791 1204 829 eandorem,

533 837 582 867 Ae
606 837 724 869 Phoebi
749 837 850 869 lumen
878 837 1047 877 adaequari
1073 837 1180 876 nequit

578 883 747 923 Splendori
771 893 836 917 suo,

474 968 504 998 2.
530 967 677 999 Aeternis
702 966 802 998 turbis
827 968 962 999 sociatus
986 976 1128 1006 prosper,

529 1012 655 1045 Gaudet
679 1022 748 1044 cum
771 1014 862 1045 laetis
885 1015 1027 1045 nesciens
1050 1022 1233 1053 moerorem,

533 1060 658 1092 Partem
687 1069 747 1092 non
772 1061 876 1092 renuit
900 1061 1040 1093 tribuere
1064 1061 1153 1092 nobis

579 1107 734 1138 Bonorum
759 1108 817 1139 sui.

476 1191 506 1224 3.
531 1190 726 1222 Moestorum
751 1198 841 1223 voces
867 1190 1039 1223 recondens
1059 1190 1092 1221 in
1117 1190 1186 1222 sinu

533 1235 665 1268 Suorum
690 1237 844 1268 viscerum
868 1237 953 1269 inico
980 1237 1181 1276 demonstrat,

532 1282 573 1314 Se
597 1283 666 1315 fore
692 1284 802 1314 ducem
828 1284 984 1315 concionis
1009 1286 1134 1315 nostrae

579 1330 737 1370 Dignante
760 1331 851 1362 celso.

478 1416 509 1447 4.
536 1414 618 1446 Laus
642 1414 709 1446 Deo
734 1415 818 1454 patri
844 1413 1035 1445 condonetur
1060 1414 1169 1452 omnis,

536 1461 639 1493 Verbo
664 1464 791 1493 aeterno
815 1461 898 1492 saius
923 1461 954 1491 iu
980 1461 1161 1492 immensum

534 1509 583 1540 Ae
607 1508 791 1548 procedenti
813 1508 911 1539 honor
936 1508 1110 1546 coaequalis

582 1556 765 1587 Praestetur
784 1563 916 1593 semper.

282 1632 365 1656 BreV.
387 1629 511 1657 Vieense
531 1630 599 1663 imp.
618 1627 754 1663 Lugduni
776 1625 855 1655 1557.

657 1774 722 1806 323.
762 1774 804 1806 De
824 1777 929 1806 sancto
950 1775 1051 1807 Ivone.

742 1851 789 1881 Ad
809 1851 962 1888 Vesperas.

213 1933 242 1964 1.
273 1931 410 1963 Plaudat
432 1933 533 1962 mater
557 1931 691 1962 eeclesia
882 1933 911 1964 3.
937 1931 1164 1971 oppressorum
1190 1931 1342 1963 sollicitus

271 1978 383 2019 Corde,
410 1981 482 2009 voto
509 1981 540 2009 et
564 1977 702 2019 vocibus,
939 1979 1001 2010 Hie
1026 1981 1074 2010 est
1098 1977 1247 2010 defensor
1270 1986 1454 2018 pauperum,

269 2025 321 2056 Ad
345 2025 451 2057 lvonis
477 2026 646 2065 praeconia
940 2025 1117 2057 Instruetus
1139 2034 1160 2056 a
1184 2029 1214 2057 te
1240 2025 1380 2064 coelitus,

266 2072 470 2104 Exsultet,
503 2072 663 2104 coelum
687 2072 825 2104 laudi·
942 2071 1151 2104 Conditor
1176 2074 1279 2104 alme
1299 2072 1495 2106 siderum.

605 2119 690 2151 bus.

212 2195 241 2226 2.
268 2194 363 2232 Quem
388 2195 504 2225 nostris
528 2194 559 2225 in
586 2194 778 2233 temporibus
883 2196 915 2227 4.
940 2195 1027 2233 Pius,
1052 2195 1191 2233 prudens
1217 2197 1249 2224 et
1270 2194 1407 2234 humilis,

270 2239 441 2273 Generavit
463 2241 640 2280 Britannia,
942 2240 1063 2283 Castus⁷
1089 2241 1233 2280 pudicus,
1258 2241 1392 2281 sobriuS‚

268 2287 314 2319 Ut
337 2290 528 2319 monstraret
553 2287 711 2319 erroribus
943 2286 1041 2318 Nobis
1066 2295 1191 2326 semper
1214 2287 1369 2325 amabilis,

270 2332 401 2364 Beata
424 2333 547 2365 nobis
571 2335 733 2372 gaudia,
944 2334 1042 2364 Ales
1068 2333 1153 2364 diei
1179 2335 1367 2368 nuntius,
