1651 2518
648 106 902 142 —147-—

409 203 439 236 2.
466 202 548 234 Bina
572 202 689 235 deserti
714 211 864 243 generosa
886 203 1000 245 proles,

466 249 530 281 Hic
553 250 598 282 ibi
622 251 762 283 scribens
787 250 923 282 calamus
945 248 1081 289 refloret,

465 296 536 329 Vox
559 296 614 328 ubi
638 297 775 329 clamans
799 297 903 329 fuerat
926 297 1080 337 propheta

511 344 571 376 Ille
594 345 741 377 Joannes.

409 411 439 442 3.
466 410 563 443 Sacra
587 410 743 442 solventes
768 409 825 441 tibi
847 409 1069 449 supplicamus,

465 456 606 496 impetra
629 457 718 489 nobis
743 465 891 496 superare
914 456 1072 497 mundum,

466 503 526 535 Ille
550 503 602 543 qui
626 504 735 535 mundi
756 504 848 536 toties
873 503 995 536 solebas

513 550 648 582 Vincere
670 560 800 590 pugnas,

410 618 441 648 4.
466 617 537 648 Hoc
562 617 670 648 damus
693 624 805 648 nomen
830 616 889 648 tibi
914 616 1092 655 cardinalis,

466 663 619 695 cardines
642 664 755 695 mentis
779 663 852 702 quia.
874 666 910 694 tu
933 663 1097 706 gubernas,

467 709 580 750 Cardo,
606 719 665 750 quo
689 713 816 742 nostrae
839 709 914 742 fidei
937 718 1064 742 securus

512 757 655 790 Vertitur
678 757 755 791 axis.

408 823 439 855 5.
466 822 536 854 Sint
559 823 644 862 patri
665 822 775 854 laudes
798 822 964 863 genitoque
987 831 1134 864 summae,

463 869 600 901 Flamini
626 878 753 909 compar
778 869 871 901 decus
895 872 989 909 atque
1012 870 1122 911 virtus,

464 917 522 956 Qui
546 916 605 948 tibi
631 917 726 948 donet
750 925 795 956 ea,
822 924 900 956 quae
923 924 981 955 pro
1006 915 1095 947 nobis

509 964 654 995 Posceris
677 972 823 1002 unquam.

209 1028 294 1054 Brev.
314 1027 369 1055 FF.
390 1027 420 1055 S.
439 1028 612 1062 Hieronymi
631 1029 699 1063 imp.
719 1027 856 1064 Lugduni
876 1025 957 1055 1547.
977 1027 1011 1055 A.
1032 1040 1068 1045 —-
1087 1028 1170 1055 Brev.
1189 1027 1246 1055 FF.
1267 1027 1296 1055 S.
1315 1028 1420 1055 Hiero-

133 1066 214 1099 nymi
234 1065 302 1101 imp.
324 1065 571 1101 Caesaraugustae
593 1062 672 1093 1562.
692 1066 725 1093 B.

533 1183 599 1214 246.
637 1184 680 1214 De
700 1183 806 1214 sancto
826 1183 1016 1222 Hieronymo.

648 1250 696 1280 Ad
714 1250 744 1280 N
745 1253 902 1281 octurnum.

132 1318 163 1350 1.
190 1318 284 1349 Nunc
306 1321 415 1350 sancte
437 1320 546 1350 nostra
567 1318 697 1358 spiritus
805 1321 836 1353 3.
863 1319 980 1351 Christi
1002 1318 1098 1350 fidem
1121 1320 1156 1349 tu
1178 1318 1328 1358 protegis,

187 1365 318 1397 Interna
341 1368 434 1406 tange
459 1369 598 1406 pectora,
860 1366 985 1399 Adoras
1012 1367 1044 1397 et
1067 1364 1265 1405 praesepium

188 1411 321 1452 Largirc
345 1421 401 1444 nos
426 1413 651 1453 Hieronymum
862 1413 1053 1452 Crucemque
1076 1415 1179 1453 gestas
1206 1420 1345 1455 corpore,

188 1458 312 1491 Efferre
332 1460 427 1499 justis
452 1459 608 1492 laudibus.
860 1460 976 1492 Potiris
997 1460 1064 1499 ,iam
1087 1459 1277 1500 praesentia,

132 1516 163 1548 2.
188 1515 306 1547 Mentis
332 1514 466 1556 refulget
489 1516 615 1556 lumine,
802 1518 833 1549 4.
860 1517 945 1556 Quae
961 1524 1032 1554 vox,
1059 1524 1138 1555 quae
1154 1517 1195 1555 te,
1213 1515 1416 1556 Hieronyme‚

187 1562 315 1594 Ardere
338 1563 442 1595 cordis
468 1562 646 1604 conflagrat,
859 1563 1008 1595 Laudare
1030 1563 1138 1603 lingua
1161 1563 1288 1603 poterit,

187 1609 332 1641 Illustrat
356 1609 440 1641 orbis
466 1610 610 1642 cardines
860 1610 894 1642 Si
920 1612 1032 1642 cuncta
1055 1609 1133 1642 felix
1159 1610 1324 1650 conspicis,

186 1655 320 1689 Divinus
343 1657 403 1688 iste
427 1655 549 1690 lucifer.
860 1657 945 1696 Quae
967 1657 1125 1697 panderas
1150 1657 1310 1698 mysteria.

495 1715 524 1746 5.
551 1713 588 1745 In
614 1716 792 1746 sanctorum
812 1713 1033 1753 splendoribus

550 1760 614 1793 Uni
638 1761 706 1793 Deo
731 1761 774 1792 sit
797 1761 906 1804 gloria,

549 1807 736 1848 Hieronymi
761 1807 814 1848 qui
837 1807 983 1848 precibus

550 1854 614 1888 Det
637 1855 728 1888 nobis
753 1855 832 1887 coeli
856 1855 981 1895 gaudia.

200 1921 285 1949 BreV.
305 1921 362 1950 FF.
382 1921 412 1949 S.
431 1921 604 1957 Hieronymi
623 1922 693 1956 imp.
714 1920 851 1957 Lugduni
871 1918 952 1949 1547.
972 1920 1006 1948 A.
1025 1934 1062 1939 -—
1082 1920 1166 1948 Brev.
1185 1920 1241 1948 EF.
1261 1919 1292 1949 S.
1313 1920 1416 1949 Hiero-

123 1959 204 1995 nymi
226 1961 295 1996 imp.
316 1959 566 1997 Caesaraugustae
590 1957 671 1988 1562.
691 1959 725 1987 Β.

531 2079 597 2112 247.
639 2079 682 2111 De
702 2080 809 2110 sancto
829 2077 1024 2117 Hieronymo.

666 2147 715 2177 Ad
733 2146 862 2177 Laudes.

439 2218 470 2251 1.
497 2217 660 2258 surgimus
683 2216 794 2249 laudes
818 2215 929 2247 merito
955 2217 1111 2255 canentes,

496 2265 568 2298 Sint
591 2264 701 2306 procul
726 2264 837 2304 somni,
863 2262 1000 2303 gloriosa
1023 2262 1105 2295 festa

494 2313 647 2346 Excitant
671 2314 801 2353 mentes,
828 2310 1009 2351 animosque
1033 2311 1150 2343 tollunt

535 2361 658 2394 Gaudia
682 2368 816 2393 sursum.

1187 2410 1246 2445 10*
