1651 2518
780 127 1034 161 ——250—

257 220 286 251 3.
313 219 471 252 Pastorali
492 219 657 260 insignitus
927 222 957 253 4.
983 220 1044 259 Eja
1069 228 1152 260 ergo,
1174 223 1295 260 martyr
1320 220 1445 255 Christi,

359 266 461 306 Hujus
484 266 568 297 sedis
592 267 713 305 baculo,
1040 267 1136 299 Urbis
1161 267 1252 306 hujlis
1276 266 1428 307 pontifex,

317 313 449 354 Gregem
473 322 578 355 pasce,
604 322 663 352 quo
689 312 817 345 fulcitus
985 313 1055 345 Non
1083 313 1232 353 dimittas,
1256 323 1332 354 quos
1357 312 1464 346 fovisti

359 360 414 402 Es,
441 360 568 391 coelesti
592 360 717 399 pabulo,
1033 360 1127 392 Velut
1149 360 1248 392 bonus
1273 360 1398 403 artifex,

313 407 410 439 Placa
433 407 533 439 Deum
558 415 619 438 non
644 406 759 438 oblitus
987 406 1050 438 Sed
1075 410 1195 447 augeat,
1224 408 1306 447 quod
1332 407 1472 447 coepisti,

360 454 444 486 Huie
464 456 516 484 tuo
541 453 666 492 populo.
1029 453 1170 485 Summus
1195 462 1299 485 rerum
1322 453 1437 493 opifex.

651 511 682 541 4.
709 508 802 549 Laus,
829 510 927 540 virtus
953 512 985 540 et
1007 510 1107 541 honor
1131 509 1197 541 Deo

752 555 801 587 Sit
823 556 906 595 patri
931 556 1081 596 ingenito,

705 602 841 634 Flamini
866 606 897 633 et
920 603 1063 634 Nazareo

751 650 855 681 Patris
882 650 1053 692 unigenito,

703 696 762 734 Qui
793 705 937 727 coronam
962 705 1030 727 euni
1055 696 1204 736 trophaeo

751 743 814 774 Dat
839 742 954 775 Severo
978 743 1097 776 inclito⁴

331 817 412 844 Brev.
441 824 492 844 ms.
518 817 730 844 Bareinonense
755 824 829 844 saec.
857 815 900 844 15.
922 816 989 844 Cod.
1012 816 1104 852 Capit.
1125 816 1224 843 Vieen.
1245 816 1320 844 CIX.
1340 817 1374 843 A.
1400 831 1436 835 —
1462 817 1545 844 Brev.

259 855 471 882 Barcinonense
490 855 558 889 imp.
580 855 759 882 Barcinonae
782 852 863 882 1540.
884 855 916 882 Β,

688 983 755 1014 436.
794 983 837 1013 De
857 984 962 1014 sancto
983 983 1103 1014 Severo.

773 1059 821 1088 Ad
841 1059 1024 1089 Matutinum.

482 1137 511 1169 1.
539 1137 648 1169 Illuxit
672 1137 804 1168 celebris
829 1137 907 1168 haee
933 1137 999 1168 dies
1024 1147 1127 1169 annua

538 1184 582 1215 Et
604 1184 659 1214 lux
680 1184 713 1215 in
737 1184 875 1215 tenebris
900 1183 1001 1224 fulget
1020 1185 1199 1223 praecipua,

538 1230 621 1262 Dum
645 1230 711 1262 vita
733 1231 901 1262 mulcebris
928 1234 959 1261 et
981 1233 1070 1270 gesta
1095 1231 1195 1262 ardua

585 1276 693 1308 Severi
717 1278 817 1308 saneti
842 1277 1001 1316 panditur.

478 1335 509 1365 2.
535 1334 601 1365 Iste
624 1333 768 1373 ignobilis
795 1336 843 1363 est
868 1341 906 1363 ex
927 1333 1101 1372 plebecula,

537 1379 599 1411 Sed
624 1378 660 1410 fit
683 1379 846 1418 mirabilis,
874 1379 945 1410 dum
971 1380 1038 1411 sine
1060 1378 1183 1410 macula

536 1426 596 1457 Est
619 1426 745 1465 praesul
770 1425 904 1466 humilis,
931 1426 1098 1465 splendens
1123 1427 1158 1456 ut
1185 1423 1288 1456 facula

584 1473 689 1511 Atque
713 1473 872 1511 exemplar
895 1473 1039 1512 postmis,

478 1529 508 1560 3.
536 1528 669 1560 Severus
699 1528 795 1567 igitur
819 1532 908 1559 utens
934 1528 1085 1568 conjugio,

546 1575 599 1606 Sic
621 1575 737 1606 mundo
762 1573 877 1605 fruitur
901 1577 932 1605 et
954 1574 1014 1606 Dei
1039 1575 1142 1607 studio

537 1622 696 1661 Simulque
718 1622 857 1661 jungitur
881 1630 969 1653 sacro
994 1622 1144 1660 psalterio

582 1668 626 1700 Et
653 1668 807 1699 saeculari
832 1668 959 1699 cithara.

482 1727 513 1757 4.
542 1724 650 1756 Olerus
676 1727 706 1755 et
729 1725 863 1763 populus
889 1724 1030 1755 columba
1052 1725 1162 1756 nuntia

538 1771 587 1803 De
609 1773 701 1810 patre
723 1771 862 1802 aemulus
889 1770 995 1802 divina
1018 1772 1120 1811 gratia

536 1818 636 1857 Eligit
659 1818 786 1849 sedulus
810 1818 892 1849 hune
915 1818 947 1849 in
974 1819 1141 1850 eoncordia

580 1865 677 1897 Urbis
701 1865 792 1904 hujus
813 1865 846 1896 in
869 1865 1054 1904 praesulem.

478 1924 508 1954 5.
534 1921 618 1961 Ergo
641 1920 819 1961 pontificem
843 1924 981 1952 nostrum
1007 1924 1039 1952 et
1062 1921 1196 1953 incolam

537 1969 682 2001 Colamus
705 1968 839 1999 invicem
865 1970 1020 2007 tamquam
1042 1968 1230 2010 coelicolam,

537 2015 582 2047 Ut
607 2015 725 2046 hostem
750 2015 869 2045 obicem
895 2018 925 2045 et
950 2023 1073 2046 carnem
1100 2014 1245 2046 frivolam

585 2062 694 2099 Pellat,
721 2064 810 2101 regat
833 2064 864 2092 et
887 2064 1038 2101 protegat.

480 2120 510 2151 6.
537 2118 591 2160 Te,
620 2127 695 2150 vera
721 2118 821 2150 deitas
846 2118 929 2149 trina
954 2121 984 2148 et
1008 2118 1109 2157 unica⁷

535 2166 653 2197 Nostra
676 2165 850 2197 mortalitas
873 2165 1013 2204 exposcit
1036 2164 1181 2197 mendica

543 2212 585 2245 Ut
610 2215 664 2244 tua
687 2212 811 2244 bonitas
836 2211 950 2252 gaudia
973 2212 1088 2243 coelica

584 2259 648 2291 Det
675 2259 764 2290 nobis
790 2258 1000 2291 exorantibus.

330 2334 412 2361 BreV.
439 2341 491 2361 ms.
511 2333 724 2361 Barcinoneuse
749 2341 822 2361 saee.
853 2331 895 2361 15.
919 2332 986 2360 Cod.
1007 2332 1099 2368 Capit.
1120 2332 1220 2359 vicen.
1244 2332 1316 2360 CIX.
1338 2334 1371 2360 A.
1399 2350 1436 2354 —
1458 2336 1541 2363 Brev.

257 2372 470 2398 Barcinonense
489 2371 557 2405 imp.
580 2371 759 2398 Baroinonae
783 2369 862 2398 1540.
884 2371 916 2398 B.
