1651 2518
754 107 984 143 -72--

898 205 928 236 8.
955 204 1043 235 Patri
1065 204 1108 235 sit
1130 204 1198 237 lau-s
1221 204 1369 244 ingenito,

953 251 1039 282 Laus
1064 251 1130 289 ejus
1156 251 1322 291 unigenito,

954 296 1099 338 Lausque
1122 298 1164 329 sit
1186 306 1275 329 sacro
1299 297 1417 329 flamini

957 344 1095 376 Aeterno
1121 345 1199 376 coeli
1222 344 1350 376 numini.

228 205 258 236 7.
284 203 330 234 Te
355 203 533 236 crucifixum
557 205 721 244 poscimus,

283 249 329 282 Ut
355 250 492 283 crucifixi
512 251 657 291 precibus

285 296 350 328 Nos
376 297 416 330 ad
442 299 520 330 coeli
543 298 662 337 palatia

285 345 353 375 Tua
375 345 528 384 perducat
550 346 661 385 gratia.

300 409 383 436 Brev.
409 417 461 436 ms.
483 409 732 444 Calagurritanum
758 416 831 435 sace.
855 406 897 435 15.
919 407 987 436 Ood.
1007 408 1210 435 Salmanticen.
1233 406 1294 436 186.
1315 407 1348 435 A.
1370 422 1406 426 —
1426 407 1510 434 Brev.

228 446 478 480 Calagurritanum
498 449 527 474 ot
547 446 725 473 Calciatense
745 447 812 481 imp.
833 445 971 473 Lucronii
993 443 1073 473 1543.
1093 446 1125 473 Β.

665 549 709 580 92.
745 549 787 580 De
806 550 911 579 sancto
932 548 1066 580 Andrea.

741 616 788 645 Ad
808 615 995 645 Nocturnum.

897 687 927 718 5.
952 684 1015 715 Hic
1037 686 1214 724 praesulem
1239 686 1422 725 piissimum,

951 730 1065 763 Eidem
1090 732 1332 772 devotissimum,

952 777 1095 810 Fraudes
1118 779 1217 810 hostis
1243 779 1386 810 evincere

954 823 1045 856 Fecit
1067 826 1193 856 coelesti
1218 834 1356 859 munere.

950 880 1012 911 Hic
1035 891 1055 912 a
1078 882 1186 912 mortis
1211 882 1351 920 periculo

953 926 1081 958 Sublato
1108 929 1180 959 colli
1203 928 1326 960 vinculo

951 973 1135 1005 Fortunium
1160 975 1276 1013 eripuit,

951 1020 995 1051 Et
1017 1024 1119 1052 tutum
1141 1021 1202 1052 iter
1228 1021 1344 1053 docuit.

951 1076 1036 1118 Jesu,
1061 1077 1243 1116 redemptor
1266 1079 1366 1117 unice,

953 1122 1019 1154 Nos
1043 1126 1075 1155 te
1099 1126 1263 1162 precantes
1289 1125 1421 1165 respice,

951 1169 998 1202 Ut
1020 1170 1168 1201 Andreae
1192 1170 1338 1210 suffragio

952 1217 1039 1249 Coeli
1062 1213 1312 1249 locemur‘solio.

950 1272 1026 1312 Regi
1050 1281 1185 1311 superno
1210 1274 1367 1312 supplices

951 1318 1075 1351 Laudes
1102 1319 1209 1351 demus
1235 1320 1435 1359 multiplices.

951 1365 1008 1404 Qui
1034 1366 1089 1397 dat
1112 1367 1176 1397 suis
1200 1368 1350 1405 apostolis

951 1411 1153 1452 Congaudere
1177 1422 1247 1444 cum
1271 1414 1400 1453 angelis.

229 688 258 718 1.
285 685 432 717 Andreae
456 684 568 716 festum
593 686 712 723 pariter

285 731 483 763 Celebrantes
509 732 705 763 concorditer

284 777 456 809 Psallamus
480 778 541 809 Dei
565 778 679 817 genito,

285 825 345 856 Pro
368 824 456 856 nobis
480 825 572 856 morti
597 825 712 856 dedito.

226 883 255 913 2.
282 880 343 911 Hic
367 880 497 919 pulcher
521 882 553 912 in
577 881 782 920 sermonibus,
895 881 924 911 6.

282 926 421 958 Decorus
447 928 478 958 in
499 927 655 967 operibus,

284 973 392 1005 Crucls
418 973 534 1005 Christi
557 974 726 1012 praeconia

282 1019 417 1052 Diffudit
438 1021 472 1051 in
496 1020 625 1052 Achaia.

226 1079 256 1110 3.
283 1077 417 1108 Vocatus
444 1077 482 1107 de
505 1077 658 1116 navicula,
896 1071 924 1101 7-

281 1123 427 1155 Evadens
446 1123 555 1155 mundi
581 1124 714 1163 vincula,

284 1170 421 1209 Sequens
448 1169 601 1201 Christum
628 1169 766 1202 fideliter

284 1215 384 1248 Coelis
405 1219 516 1255 regnat
538 1218 727 1256 perenniter.

224 1276 255 1305 4.
281 1272 365 1304 Urbs
391 1273 501 1304 Patras
526 1273 641 1312 gaudet
661 1273 787 1312 jugiter,
893 1274 923 1305 8.

283 1318 379 1356 Quam
404 1319 548 1350 Andreas
573 1317 709 1350 feliciter

281 1365 449 1398 Decoravit
474 1366 623 1404 martyrio

279 1413 394 1445 Passus
419 1421 475 1450 pro
499 1412 561 1444 Dei
583 1411 658 1444 filio.

299 1476 379 1503 Brev.
402 1484 452 1503 ms.
474 1475 724 1510 Calagurritanum
745 1484 816 1504 saec.
843 1475 885 1503 15.
907 1476 976 1504 Cod.
997 1477 1202 1504 Salmanticen.
1225 1476 1286 1504 186.
1309 1479 1344 1505 A.
1393 1493 1399 1496 -
1423 1479 1505 1506 Brev.

223 1515 474 1549 Calagurritanum
494 1516 522 1541 et
541 1513 720 1541 calciatense
740 1515 807 1549 imp.
827 1514 966 1541 Luci-onii
988 1512 1068 1542 1543.
1089 1514 1121 1541 B.

658 1616 702 1648 93.
742 1618 783 1648 De
802 1619 906 1649 sancto
927 1617 1056 1649 Andrea.

714 1685 748 1713 In
769 1685 858 1723 Vesp.
878 1688 908 1714 et
925 1685 1018 1715 Laud.

894 1757 924 1788 3.
951 1755 975 1786 O
1001 1754 1077 1787 felix
1102 1757 1301 1794 permutatio,

950 1801 1050 1834 Parvo
1077 1805 1182 1834 vectus
1207 1805 1330 1844 navigio

224 1755 252 1785 1.
279 1752 410 1785 Senatus
435 1754 596 1793 apostolici

279 1800 365 1832 Inter
388 1801 527 1832 bissenos
552 1802 710 1841 principes

280 1846 387 1878 Crucis
412 1851 531 1879 amator
555 1846 706 1887 fervidus,

278 1894 422 1925 Andreas
447 1893 547 1934 fulget
569 1895 703 1927 inclitus.

222 1952 253 1982 2.
280 1949 438 1981 Christum
461 1953 624 1982 vocantem
648 1953 788 1991 sequitur

279 1997 366 2029 Inter
389 1997 507 2036 primos
533 1998 664 2037 collegii,

276 2042 431 2082 Egressus
456 2053 475 2075 a
499 2044 643 2076 navicula

278 2089 439 2130 Relinquit
461 2094 583 2130 patrem
608 2100 646 2122 ac
671 2092 760 2124 retia.

951 1850 1104 1881 Praedam
1130 1850 1279 1890 captabat
1301 1852 1444 1891 piscium,

952 1897 1049 1935 Quam
1073 1905 1146 1928 mox
1171 1897 1298 1937 collegit
1321 1899 1488 1930 hominurn.

892 1954 923 1985 4.
949 1951 1051 1983 Claris
1075 1952 1204 1984 laudum
1227 1955 1404 1992 praeconiis

948 1998 1026 2037 EJus
1051 1999 1227 2039 triumphus
1253 2001 1376 2041 colitur,

949 2045 1015 2087 Qui,
1043 2055 1134 2085 quam
1159 2047 1304 2078 laudibus
1331 2050 1450 2092 extulit,

951 2091 1080 2124 Crucem
1106 2092 1248 2132 perferre
1269 2095 1377 2128 voluit.

611 2149 641 2181 5.
668 2148 756 2180 Patri
780 2149 822 2180 sit
845 2148 912 2179 laus
937 2149 1084 2187 ingenito,

666 2194 715 2227 Sit
737 2198 810 2227 nato
836 2195 929 2226 decus
953 2195 1054 2234 unico,

668 2242 717 2274 Sit
738 2242 898 2281 paracleto
922 2241 1024 2282 gloria

668 2290 705 2321 In
730 2288 920 2329 sempiterna
944 2289 1076 2322 saecula.

294 2349 377 2376 Brewr.
397 2350 543 2379 Abulense
563 2352 629 2387 imp.
650 2352 844 2380 Salmanticae
864 2351 945 2380 1551.
