1651 2518
695 100 950 136 —195—

174 196 204 228 7.
234 194 346 226 Preces
372 195 480 227 demus
504 196 686 237 Laurentio,
852 198 882 231 8.
912 196 1004 236 Laus,
1029 196 1138 234 virtus,
1166 196 1342 227 benedictio

235 240 292 279 Qui
319 242 398 274 coeli
423 243 514 274 sedet
537 243 626 283 solio,
910 244 1034 275 Dentur
1056 244 1142 282 patri
1167 245 1196 274 et
1221 241 1286 274 filio

231 288 277 320 Ut
300 289 453 321 laetemur
476 298 545 321 cum
570 290 705 323 Domino
907 290 952 322 Et
974 289 1093 322 flamini
1119 289 1323 331 sanctissimo,

231 334 308 367 Jesu
334 336 419 368 coelo
445 336 608 369 altissimo.
910 337 967 376 Qui
993 339 1102 377 regnat
1124 339 1194 369 sine
1217 336 1358 370 termino,

175 439 197 464 b
216 437 225 463 1
247 400 332 427 Brev.
360 399 535 429 Celsonense
561 403 629 437 imp.
656 403 905 438 Caesaraugustae
931 400 1012 430 1514.
1046 416 1080 420 —
1107 402 1269 429 Verfasser:
1297 401 1465 435 Anonymus

186 438 215 465 *e
228 440 369 466 senensis.

583 502 648 534 336.
691 502 734 534 De
754 504 859 534 sancto
880 502 1054 534 Laurentio.

722 560 770 589 Ad
789 559 915 590 Laudes.

174 619 201 650 1.
231 617 315 649 Voce
338 620 443 650 cantet
465 619 641 651 exsultante
848 622 879 652 4.
907 619 1012 659 Inquit
1036 618 1156 650 Sixtus:
1182 622 1215 649 te
1238 618 1360 657 majora

281 665 375 698 Plebs
401 665 510 697 laudes
537 664 708 703 Laurentii,
951 667 1146 706 Exspectant
1170 665 1335 703 supplicia,

233 711 291 749 Qui
318 720 385 743 eum
411 713 516 751 palma
541 713 753 752 triumphante
908 713 969 744 Per
993 720 1080 753 quae,
1106 711 1162 751 fili,
1187 711 1317 743 meliora

278 758 411 790 Sustulit
435 759 560 798 suplicii
951 759 1113 791 Debentur
1137 758 1304 798 stipendia,

231 804 361 847 Poenas,
387 813 442 836 cur
470 806 587 846 gaudet
608 808 738 838 tonante
904 807 980 838 Post
1002 806 1141 838 triduum
1167 805 1226 837 erit
1249 805 1329 836 hora

279 852 372 884 Coelo
400 852 481 884 dono
505 853 648 892 praemii.
953 853 1101 885 Sumendi
1127 852 1284 885 coelestia.

171 910 201 940 2.
229 907 362 940 Sanctus
387 912 555 947 pneumate
582 912 727 941 monente
848 912 878 943 5.
902 909 947 942 Ut
968 909 1157 941 Laurentius
1180 910 1299 949 uratur,

275 955 421 987 Surrexit
443 956 476 987 in
500 956 642 996 Decium,
949 956 1053 996 Ignita
1082 955 1231 987 eraticula

228 1001 371 1041 Nequam
397 1005 429 1033 et
450 1003 558 1043 iniqua
581 1006 685 1035 niente
905 1003 1047 1041 Paratur,
1075 1002 1148 1034 dum
1170 1002 1337 1041 cruciatur,

275 1049 437 1081 Rebellem
462 1052 494 1080 ct
517 1049 656 1092 impium,
951 1050 1078 1081 Adsunt
1100 1050 1210 1081 mortis
1236 1049 1369 1087 vincula,

227 1096 289 1127 Per
315 1105 406 1135 quem
431 1099 562 1135 paratur
587 1100 718 1135 repente
904 1096 961 1128 Cui
985 1096 1070 1128 coelo
1095 1096 1223 1135 plausus
1248 1096 1339 1127 datur

273 1142 405 1175 Levitae
428 1143 627 1182 supplicium.
947 1144 1011 1175 Per
1037 1145 1166 1174 aeterna
1189 1142 1324 1176 saecula.

168 1200 198 1232 3.
226 1198 374 1230 Sanctum
401 1199 519 1231 ducunt
545 1200 617 1231 dum
638 1203 772 1232 tortores
847 1203 878 1234 6.
904 1200 1029 1239 Martyr
1056 1202 1209 1240 constans,
1244 1199 1329 1238 pugil
1356 1197 1441 1230 fortis

272 1245 394 1277 Sixtum
420 1247 461 1278 ad
486 1247 685 1287 supplicium,
949 1246 1111 1284 Laurenti,
1134 1245 1291 1285 propitius

227 1292 290 1324 Cur
313 1293 412 1325 levita
435 1292 499 1324 fert
523 1294 699 1326 clamores?
900 1293 951 1325 Sis
974 1293 1065 1325 nobis
1088 1293 1123 1324 in
1145 1293 1224 1324 hora
1247 1293 1368 1331 mortis,

273 1340 396 1379 Inquit:
423 1342 523 1380 pater,
549 1339 649 1372 filium
948 1340 998 1372 Ne
1021 1349 1077 1372 nos
1102 1340 1209 1371 turbet
1231 1339 1346 1378 impius

224 1385 336 1426 Offere,
363 1389 438 1419 sunt
460 1387 519 1419 tibi
541 1396 654 1426 mores,
900 1387 1051 1426 Daemon,
1077 1387 1173 1418 simus
1197 1387 1254 1418 sed
1280 1386 1415 1418 cohortis

267 1433 393 1465 Mecum
419 1434 618 1469 sacrificium,
948 1434 1114 1466 Consortes
1143 1433 1296 1474 superius.

530 1491 560 1523 7.
589 1490 682 1531 Laus,
709 1491 808 1522 honor
833 1492 876 1522 sit
898 1490 1042 1529 trinitati,

651 1538 750 1577 Patri,
776 1540 859 1578 nato,
883 1535 1002 1568 flamini

591 1584 636 1616 Et
660 1584 772 1616 unicae
798 1584 917 1625 deitati,

637 1631 737 1670 Quam
760 1632 924 1663 eredentes
950 1631 1084 1663 culmine

593 1677 679 1710 Coeli
701 1678 876 1718 junguntur
899 1677 984 1709 beati

637 1725 763 1757 Laudes
790 1726 900 1758 dantes
924 1724 1053 1756 numini.

158 1828 208 1856 CI
234 1790 325 1834 Brev.¹
343 1789 518 1817 Celsonenste
541 1790 611 1825 imp.
639 1790 887 1826 Caesaraugustae
913 1787 995 1816 1514.
1029 1803 1066 1808 ή-
1098 1789 1219 1817 Vei—fassi
1231 1798 1260 1816 .1··.
1288 1789 1456 1824 Anonymus

183 1836 351 1856 esonensrs.

569 1899 632 1931 337.
670 1901 713 1932 De
733 1901 839 1932 sancto
860 1900 1038 1932 Laurentio.

697 1958 745 1988 Ad
762 1958 919 1996 Vesperas.

158 2020 187 2052 1.
216 2018 336 2051 Chorus
359 2022 466 2051 noster
486 2019 669 2051 solemniter
837 2020 868 2052 3.
894 2018 1016 2050 Furens
1041 2018 1090 2049 ira
1111 2027 1189 2058 prae
1210 2018 1307 2050 nimia

213 2066 362 2099 Exsultet
388 2069 420 2097 et
445 2066 645 2099 concorditer
894 2065 1043 2097 Recurrit
1067 2065 1108 2097 ad
1130 2065 1287 2105 supplicia

213 2114 251 2146 ln
276 2114 336 2145 hoc
359 2113 441 2146 festo
466 2114 632 2146 Laurentii
893 2112 1031 2152 Sperans
1055 2114 1219 2144 tormentis
1243 2111 1371 2146 flectere

214 2161 394 2194 Tormentis
418 2159 503 2193 flecti
528 2161 636 2195 nescii.
895 2159 1042 2192 Sanctum
1067 2160 1138 2201 Dei,
1164 2160 1221 2192 sed
1246 2163 1373 2195 temere.

155 2221 185 2253 2.
213 2218 321 2251 Reddi
346 2218 408 2251 sibi
434 2227 526 2258 quam
552 2218 643 2250 citius
836 2220 867 2252 4.
894 2217 1015 2258 Ligatis
1040 2215 1115 2250 fune
1137 2218 1280 2251 manibus

209 2265 387 2298 Thesauros
410 2266 492 2306 petit
515 2266 643 2307 Decius,
890 2265 1025 2297 Rotatur
1050 2274 1146 2305 super
1168 2265 1302 2307 ignibus,

212 2312 294 2351 Quos
321 2314 472 2354 dispersit
496 2314 685 2347 Laurentius
893 2312 1108 2345 Candeseente
1132 2313 1285 2347 craticula

208 2360 380 2401 Erogando
407 2360 541 2395 felicius.
894 2360 1015 2394 Stridet
1039 2370 1179 2402 quaeque
1203 2362 1368 2404 particula.

1218 2416 1282 2446 13*
