<?xml version="1.0" encoding="UTF-8"?>
<!DOCTYPE html PUBLIC "-//W3C//DTD XHTML 1.0 Transitional//EN"
    "http://www.w3.org/TR/xhtml1/DTD/xhtml1-transitional.dtd">
<html xmlns="http://www.w3.org/1999/xhtml" xml:lang="en" lang="en">
 <head>
  <title>
</title>
<meta http-equiv="Content-Type" content="text/html;charset=utf-8" />
  <meta name='ocr-system' content='tesseract 3.04.00' />
  <meta name='ocr-capabilities' content='ocr_page ocr_carea ocr_par ocr_line ocrx_word'/>
</head>
<body>
  <div class='ocr_page' id='page_1' title='image "./analectahymnica16drevuoft_00247.png"; bbox 0 0 1651 2518; ppageno 0'>
   <div class='ocr_carea' id='block_1_1' title="bbox 756 114 1005 148">
    <p class='ocr_par' dir='ltr' id='par_1_1' title="bbox 756 114 1005 148">
     <span class='ocr_line' id='line_1_1' title="bbox 756 114 1005 148; baseline 0.004 -1"><span class='ocrx_word' id='word_1_1' title='bbox 756 114 1005 148; x_wconf 70' lang='lat'>—244-</span> 
     </span>
    </p>
   </div>
   <div class='ocr_carea' id='block_1_2' title="bbox 641 231 1112 264">
    <p class='ocr_par' dir='ltr' id='par_1_2' title="bbox 641 231 1112 264">
     <span class='ocr_line' id='line_1_2' title="bbox 641 231 1112 264; baseline 0.002 -1"><span class='ocrx_word' id='word_1_2' title='bbox 641 233 708 263; x_wconf 78' lang='lat'>425.</span> <span class='ocrx_word' id='word_1_3' title='bbox 748 231 790 262; x_wconf 84' lang='lat' dir='ltr'>De</span> <span class='ocrx_word' id='word_1_4' title='bbox 810 232 916 262; x_wconf 72' lang='lat' dir='ltr'>saneto</span> <span class='ocrx_word' id='word_1_5' title='bbox 936 232 1112 264; x_wconf 77' lang='lat' dir='ltr'>Prudentio.</span> 
     </span>
    </p>
   </div>
   <div class='ocr_carea' id='block_1_3' title="bbox 730 315 1030 352">
    <p class='ocr_par' dir='ltr' id='par_1_3' title="bbox 730 315 1030 352">
     <span class='ocr_line' id='line_1_3' title="bbox 730 315 1030 352; baseline 0 -7"><span class='ocrx_word' id='word_1_6' title='bbox 730 316 764 345; x_wconf 86' lang='lat' dir='ltr'>In</span> <span class='ocrx_word' id='word_1_7' title='bbox 785 315 873 352; x_wconf 86' lang='lat' dir='ltr'>Vesp.</span> <span class='ocrx_word' id='word_1_8' title='bbox 894 318 924 345; x_wconf 84' lang='lat' dir='ltr'>et</span> <span class='ocrx_word' id='word_1_9' title='bbox 939 316 1030 345; x_wconf 82' lang='lat' dir='ltr'>Laud.</span> 
     </span>
    </p>
   </div>
   <div class='ocr_carea' id='block_1_4' title="bbox 236 401 762 581">
    <p class='ocr_par' dir='ltr' id='par_1_4' title="bbox 236 401 762 581">
     <span class='ocr_line' id='line_1_4' title="bbox 236 401 757 442; baseline -0.002 -9"><span class='ocrx_word' id='word_1_10' title='bbox 236 401 266 433; x_wconf 86' lang='lat'>1.</span> <span class='ocrx_word' id='word_1_11' title='bbox 292 401 345 433; x_wconf 91' lang='lat' dir='ltr'>Ad</span> <span class='ocrx_word' id='word_1_12' title='bbox 370 401 505 441; x_wconf 89' lang='lat' dir='ltr'>laudem,</span> <span class='ocrx_word' id='word_1_13' title='bbox 532 412 549 434; x_wconf 95' lang='lat' dir='ltr'>o</span> <span class='ocrx_word' id='word_1_14' title='bbox 576 411 633 433; x_wconf 86' lang='lat' dir='ltr'>rex</span> <span class='ocrx_word' id='word_1_15' title='bbox 657 401 757 442; x_wconf 82' lang='lat' dir='ltr'>hagie,</span> 
     </span>
     <span class='ocr_line' id='line_1_5' title="bbox 293 448 695 488; baseline 0 -9"><span class='ocrx_word' id='word_1_16' title='bbox 293 448 379 479; x_wconf 84' lang='lat' dir='ltr'>Tuae</span> <span class='ocrx_word' id='word_1_17' title='bbox 403 449 550 487; x_wconf 88' lang='lat' dir='ltr'>perennis</span> <span class='ocrx_word' id='word_1_18' title='bbox 576 448 695 488; x_wconf 87' lang='lat' dir='ltr'>gloriae</span> 
     </span>
     <span class='ocr_line' id='line_1_6' title="bbox 294 494 693 526; baseline 0.005 -3"><span class='ocrx_word' id='word_1_19' title='bbox 294 494 384 526; x_wconf 81' lang='lat' dir='ltr'>Vitae</span> <span class='ocrx_word' id='word_1_20' title='bbox 410 494 547 525; x_wconf 88' lang='lat' dir='ltr'>dicatum</span> <span class='ocrx_word' id='word_1_21' title='bbox 571 495 693 525; x_wconf 83' lang='lat' dir='ltr'>hostiae</span> 
     </span>
     <span class='ocr_line' id='line_1_7' title="bbox 296 540 762 581; baseline 0 -10"><span class='ocrx_word' id='word_1_22' title='bbox 296 540 427 572; x_wconf 78' lang='lat' dir='ltr'>Carmen</span> <span class='ocrx_word' id='word_1_23' title='bbox 453 540 605 581; x_wconf 88' lang='lat' dir='ltr'>benignus</span> <span class='ocrx_word' id='word_1_24' title='bbox 630 540 762 579; x_wconf 81' lang='lat' dir='ltr'>suscipe.</span> 
     </span>
    </p>
   </div>
   <div class='ocr_carea' id='block_1_5' title="bbox 243 605 712 778">
    <p class='ocr_par' dir='ltr' id='par_1_5' title="bbox 243 605 712 778">
     <span class='ocr_line' id='line_1_8' title="bbox 243 605 712 645; baseline -0.002 -8"><span class='ocrx_word' id='word_1_25' title='bbox 243 607 273 637; x_wconf 87' lang='lat'>2.</span> <span class='ocrx_word' id='word_1_26' title='bbox 298 605 354 637; x_wconf 86' lang='lat' dir='ltr'>Bis</span> <span class='ocrx_word' id='word_1_27' title='bbox 380 605 446 637; x_wconf 91' lang='lat' dir='ltr'>bini</span> <span class='ocrx_word' id='word_1_28' title='bbox 468 609 538 637; x_wconf 88' lang='lat' dir='ltr'>rota</span> <span class='ocrx_word' id='word_1_29' title='bbox 561 607 712 645; x_wconf 82' lang='lat' dir='ltr'>temporis</span> 
     </span>
     <span class='ocr_line' id='line_1_9' title="bbox 295 651 704 696; baseline 0.002 -14"><span class='ocrx_word' id='word_1_30' title='bbox 295 651 386 683; x_wconf 90' lang='lat' dir='ltr'>Diem</span> <span class='ocrx_word' id='word_1_31' title='bbox 411 652 546 683; x_wconf 89' lang='lat' dir='ltr'>revolvit</span> <span class='ocrx_word' id='word_1_32' title='bbox 568 653 704 696; x_wconf 89' lang='lat' dir='ltr'>populis⁷</span> 
     </span>
     <span class='ocr_line' id='line_1_10' title="bbox 298 698 697 738; baseline 0 -8"><span class='ocrx_word' id='word_1_33' title='bbox 298 698 411 730; x_wconf 84' lang='lat' dir='ltr'>Colant</span> <span class='ocrx_word' id='word_1_34' title='bbox 433 702 469 729; x_wconf 82' lang='lat' dir='ltr'>ut</span> <span class='ocrx_word' id='word_1_35' title='bbox 490 699 551 738; x_wconf 86' lang='lat' dir='ltr'>ipsi</span> <span class='ocrx_word' id='word_1_36' title='bbox 574 700 697 738; x_wconf 83' lang='lat' dir='ltr'>gaudiis</span> 
     </span>
     <span class='ocr_line' id='line_1_11' title="bbox 296 745 676 778; baseline 0.003 -2"><span class='ocrx_word' id='word_1_37' title='bbox 296 745 426 776; x_wconf 82' lang='lat' dir='ltr'>Festum</span> <span class='ocrx_word' id='word_1_38' title='bbox 450 746 496 776; x_wconf 82' lang='lat' dir='ltr'>tui</span> <span class='ocrx_word' id='word_1_39' title='bbox 520 746 676 778; x_wconf 84' lang='lat' dir='ltr'>satellitis.</span> 
     </span>
    </p>
   </div>
   <div class='ocr_carea' id='block_1_6' title="bbox 244 810 776 984">
    <p class='ocr_par' dir='ltr' id='par_1_6' title="bbox 244 810 776 984">
     <span class='ocr_line' id='line_1_12' title="bbox 244 810 776 844; baseline -0.002 0"><span class='ocrx_word' id='word_1_40' title='bbox 244 812 276 844; x_wconf 84' lang='lat'>3.</span> <span class='ocrx_word' id='word_1_41' title='bbox 303 810 447 843; x_wconf 82' lang='lat' dir='ltr'>Clemens</span> <span class='ocrx_word' id='word_1_42' title='bbox 471 812 630 843; x_wconf 84' lang='lat' dir='ltr'>accinctus</span> <span class='ocrx_word' id='word_1_43' title='bbox 655 811 776 843; x_wconf 78' lang='lat' dir='ltr'>actibus</span> 
     </span>
     <span class='ocr_line' id='line_1_13' title="bbox 299 857 774 899; baseline 0.004 -11"><span class='ocrx_word' id='word_1_44' title='bbox 299 857 421 889; x_wconf 87' lang='lat' dir='ltr'>Sensim</span> <span class='ocrx_word' id='word_1_45' title='bbox 447 857 549 890; x_wconf 87' lang='lat' dir='ltr'>dictus</span> <span class='ocrx_word' id='word_1_46' title='bbox 574 859 774 899; x_wconf 81' lang='lat' dir='ltr'>Prudentius,</span> 
     </span>
     <span class='ocr_line' id='line_1_14' title="bbox 300 904 755 946; baseline 0.002 -10"><span class='ocrx_word' id='word_1_47' title='bbox 300 904 385 943; x_wconf 89' lang='lat' dir='ltr'>Opus</span> <span class='ocrx_word' id='word_1_48' title='bbox 411 912 554 936; x_wconf 80' lang='lat' dir='ltr'>crescens</span> <span class='ocrx_word' id='word_1_49' title='bbox 578 905 610 936; x_wconf 89' lang='lat' dir='ltr'>in</span> <span class='ocrx_word' id='word_1_50' title='bbox 635 906 755 946; x_wconf 81' lang='lat' dir='ltr'>melius,</span> 
     </span>
     <span class='ocr_line' id='line_1_15' title="bbox 299 950 676 984; baseline 0.005 -2"><span class='ocrx_word' id='word_1_51' title='bbox 299 950 438 983; x_wconf 87' lang='lat' dir='ltr'>Vocatus</span> <span class='ocrx_word' id='word_1_52' title='bbox 464 955 496 983; x_wconf 82' lang='lat' dir='ltr'>et</span> <span class='ocrx_word' id='word_1_53' title='bbox 519 952 676 984; x_wconf 86' lang='lat' dir='ltr'>Aurelius.</span> 
     </span>
    </p>
   </div>
   <div class='ocr_carea' id='block_1_7' title="bbox 244 1016 760 1199">
    <p class='ocr_par' dir='ltr' id='par_1_7' title="bbox 244 1016 760 1199">
     <span class='ocr_line' id='line_1_16' title="bbox 244 1016 757 1061; baseline 0 -11"><span class='ocrx_word' id='word_1_54' title='bbox 244 1019 275 1050; x_wconf 78' lang='lat'>4.</span> <span class='ocrx_word' id='word_1_55' title='bbox 296 1016 472 1049; x_wconf 77' lang='lat' dir='ltr'>Extorrens</span> <span class='ocrx_word' id='word_1_56' title='bbox 495 1018 569 1049; x_wconf 86' lang='lat' dir='ltr'>inde</span> <span class='ocrx_word' id='word_1_57' title='bbox 593 1018 757 1061; x_wconf 84' lang='lat' dir='ltr'>haeresim,</span> 
     </span>
     <span class='ocr_line' id='line_1_17' title="bbox 300 1063 756 1105; baseline 0.004 -10"><span class='ocrx_word' id='word_1_58' title='bbox 300 1063 414 1095; x_wconf 87' lang='lat' dir='ltr'>Fidem</span> <span class='ocrx_word' id='word_1_59' title='bbox 440 1064 564 1096; x_wconf 86' lang='lat' dir='ltr'>diffudit</span> <span class='ocrx_word' id='word_1_60' title='bbox 592 1065 756 1105; x_wconf 82' lang='lat' dir='ltr'>celebrem,</span> 
     </span>
     <span class='ocr_line' id='line_1_18' title="bbox 298 1111 760 1152; baseline 0.002 -10"><span class='ocrx_word' id='word_1_61' title='bbox 298 1111 359 1142; x_wconf 86' lang='lat' dir='ltr'>Dei</span> <span class='ocrx_word' id='word_1_62' title='bbox 383 1112 558 1143; x_wconf 79' lang='lat' dir='ltr'>accendens</span> <span class='ocrx_word' id='word_1_63' title='bbox 581 1112 760 1152; x_wconf 78' lang='lat' dir='ltr'>lampadem</span> 
     </span>
     <span class='ocr_line' id='line_1_19' title="bbox 300 1157 729 1199; baseline 0.005 -10"><span class='ocrx_word' id='word_1_64' title='bbox 300 1157 431 1190; x_wconf 88' lang='lat' dir='ltr'>Caecam</span> <span class='ocrx_word' id='word_1_65' title='bbox 457 1159 531 1190; x_wconf 83' lang='lat' dir='ltr'>tulit</span> <span class='ocrx_word' id='word_1_66' title='bbox 553 1158 729 1199; x_wconf 82' lang='lat' dir='ltr'>imaginem.</span> 
     </span>
    </p>
   </div>
   <div class='ocr_carea' id='block_1_8' title="bbox 240 1223 800 1400">
    <p class='ocr_par' dir='ltr' id='par_1_8' title="bbox 240 1223 800 1400">
     <span class='ocr_line' id='line_1_20' title="bbox 240 1223 800 1265; baseline -0.002 -7"><span class='ocrx_word' id='word_1_67' title='bbox 240 1226 273 1258; x_wconf 86' lang='lat'>5.</span> <span class='ocrx_word' id='word_1_68' title='bbox 305 1223 416 1265; x_wconf 77' lang='lat' dir='ltr'>Fregit</span> <span class='ocrx_word' id='word_1_69' title='bbox 439 1224 588 1256; x_wconf 86' lang='lat' dir='ltr'>latratum</span> <span class='ocrx_word' id='word_1_70' title='bbox 613 1224 800 1264; x_wconf 85' lang='lat' dir='ltr'>Symmachi,</span> 
     </span>
     <span class='ocr_line' id='line_1_21' title="bbox 299 1270 699 1313; baseline 0.005 -11"><span class='ocrx_word' id='word_1_71' title='bbox 299 1271 388 1303; x_wconf 86' lang='lat' dir='ltr'>Tunc</span> <span class='ocrx_word' id='word_1_72' title='bbox 414 1270 588 1304; x_wconf 87' lang='lat' dir='ltr'>defensoris</span> <span class='ocrx_word' id='word_1_73' title='bbox 611 1272 699 1313; x_wconf 84' lang='lat' dir='ltr'>idoli,</span> 
     </span>
     <span class='ocr_line' id='line_1_22' title="bbox 300 1318 748 1358; baseline 0.004 -9"><span class='ocrx_word' id='word_1_74' title='bbox 300 1318 436 1358; x_wconf 74' lang='lat' dir='ltr'>Scripsit</span> <span class='ocrx_word' id='word_1_75' title='bbox 461 1319 501 1350; x_wconf 90' lang='lat' dir='ltr'>de</span> <span class='ocrx_word' id='word_1_76' title='bbox 523 1328 629 1358; x_wconf 88' lang='lat' dir='ltr'>pugna</span> <span class='ocrx_word' id='word_1_77' title='bbox 653 1320 748 1351; x_wconf 79' lang='lat' dir='ltr'>animi</span> 
     </span>
     <span class='ocr_line' id='line_1_23' title="bbox 298 1365 645 1400; baseline 0.009 -3"><span class='ocrx_word' id='word_1_78' title='bbox 298 1365 342 1397; x_wconf 76' lang='lat' dir='ltr'>Et,</span> <span class='ocrx_word' id='word_1_79' title='bbox 365 1367 404 1398; x_wconf 91' lang='lat' dir='ltr'>de</span> <span class='ocrx_word' id='word_1_80' title='bbox 428 1368 542 1397; x_wconf 82' lang='lat' dir='ltr'>natura</span> <span class='ocrx_word' id='word_1_81' title='bbox 565 1366 645 1400; x_wconf 89' lang='lat' dir='ltr'>vitii.</span> 
     </span>
    </p>
   </div>
   <div class='ocr_carea' id='block_1_9' title="bbox 933 403 1526 442">
    <p class='ocr_par' dir='ltr' id='par_1_9' title="bbox 933 403 1526 442">
     <span class='ocr_line' id='line_1_24' title="bbox 933 403 1526 442; baseline -0.005 -7"><span class='ocrx_word' id='word_1_82' title='bbox 933 404 964 436; x_wconf 89' lang='lat'>6.</span> <span class='ocrx_word' id='word_1_83' title='bbox 991 403 1148 435; x_wconf 88' lang='lat' dir='ltr'>Plaudens</span> <span class='ocrx_word' id='word_1_84' title='bbox 1177 405 1210 435; x_wconf 88' lang='lat' dir='ltr'>in</span> <span class='ocrx_word' id='word_1_85' title='bbox 1234 404 1327 437; x_wconf 85' lang='lat' dir='ltr'>laude</span> <span class='ocrx_word' id='word_1_86' title='bbox 1350 406 1526 442; x_wconf 74' lang='lat' dir='ltr'>martyrum</span> 
     </span>
    </p>
   </div>
   <div class='ocr_carea' id='block_1_10' title="bbox 993 449 1487 576">
    <p class='ocr_par' dir='ltr' id='par_1_10' title="bbox 993 449 1487 576">
     <span class='ocr_line' id='line_1_25' title="bbox 995 449 1480 490; baseline 0 -11"><span class='ocrx_word' id='word_1_87' title='bbox 995 449 1122 480; x_wconf 83' lang='lat' dir='ltr'>Librum</span> <span class='ocrx_word' id='word_1_88' title='bbox 1148 450 1314 490; x_wconf 74' lang='lat' dir='ltr'>descripsit,</span> <span class='ocrx_word' id='word_1_89' title='bbox 1337 451 1480 486; x_wconf 87' lang='lat' dir='ltr'>alterum,</span> 
     </span>
     <span class='ocr_line' id='line_1_26' title="bbox 995 494 1487 535; baseline 0 -9"><span class='ocrx_word' id='word_1_90' title='bbox 995 494 1130 534; x_wconf 84' lang='lat' dir='ltr'>Scripsit,</span> <span class='ocrx_word' id='word_1_91' title='bbox 1153 496 1337 535; x_wconf 87' lang='lat' dir='ltr'>hymnorum</span> <span class='ocrx_word' id='word_1_92' title='bbox 1361 496 1487 528; x_wconf 85' lang='lat' dir='ltr'>tertium</span> 
     </span>
     <span class='ocr_line' id='line_1_27' title="bbox 993 541 1425 576; baseline 0.007 -4"><span class='ocrx_word' id='word_1_93' title='bbox 993 541 1125 574; x_wconf 87' lang='lat' dir='ltr'>Diverso</span> <span class='ocrx_word' id='word_1_94' title='bbox 1150 546 1247 574; x_wconf 80' lang='lat' dir='ltr'>metro</span> <span class='ocrx_word' id='word_1_95' title='bbox 1272 551 1425 576; x_wconf 87' lang='lat' dir='ltr'>versuum.</span> 
     </span>
    </p>
   </div>
   <div class='ocr_carea' id='block_1_11' title="bbox 961 606 1429 639">
    <p class='ocr_par' dir='ltr' id='par_1_11' title="bbox 961 606 1429 639">
     <span class='ocr_line' id='line_1_28' title="bbox 961 606 1429 639; baseline 0 0"><span class='ocrx_word' id='word_1_96' title='bbox 961 633 968 639; x_wconf 94' lang='lat'>.</span> <span class='ocrx_word' id='word_1_97' title='bbox 994 606 1055 637; x_wconf 87' lang='lat' dir='ltr'>Hic</span> <span class='ocrx_word' id='word_1_98' title='bbox 1080 609 1112 637; x_wconf 77' lang='lat' dir='ltr'>et.</span> <span class='ocrx_word' id='word_1_99' title='bbox 1136 607 1176 637; x_wconf 92' lang='lat' dir='ltr'>de</span> <span class='ocrx_word' id='word_1_100' title='bbox 1200 607 1283 639; x_wconf 90' lang='lat' dir='ltr'>orbis</span> <span class='ocrx_word' id='word_1_101' title='bbox 1308 606 1429 639; x_wconf 87' lang='lat' dir='ltr'>fabrica</span> 
     </span>
    </p>
   </div>
   <div class='ocr_carea' id='block_1_12' title="bbox 993 653 1516 786">
    <p class='ocr_par' dir='ltr' id='par_1_12' title="bbox 993 653 1516 786">
     <span class='ocr_line' id='line_1_29' title="bbox 993 653 1516 696; baseline 0.002 -12"><span class='ocrx_word' id='word_1_102' title='bbox 993 653 1156 691; x_wconf 81' lang='lat' dir='ltr'>Quandam</span> <span class='ocrx_word' id='word_1_103' title='bbox 1180 654 1320 685; x_wconf 89' lang='lat' dir='ltr'>scribens</span> <span class='ocrx_word' id='word_1_104' title='bbox 1344 653 1516 696; x_wconf 70' lang='lat' dir='ltr'>historiam,</span> 
     </span>
     <span class='ocr_line' id='line_1_30' title="bbox 995 699 1364 740; baseline 0 -9"><span class='ocrx_word' id='word_1_105' title='bbox 995 699 1173 740; x_wconf 83' lang='lat' dir='ltr'>Conscripit</span> <span class='ocrx_word' id='word_1_106' title='bbox 1196 700 1278 732; x_wconf 86' lang='lat' dir='ltr'>inter</span> <span class='ocrx_word' id='word_1_107' title='bbox 1302 701 1364 731; x_wconf 87' lang='lat' dir='ltr'>alia</span> 
     </span>
     <span class='ocr_line' id='line_1_31' title="bbox 994 745 1433 786; baseline 0.007 -9"><span class='ocrx_word' id='word_1_108' title='bbox 994 745 1039 777; x_wconf 79' lang='lat' dir='ltr'>Et,</span> <span class='ocrx_word' id='word_1_109' title='bbox 1060 747 1250 786; x_wconf 83' lang='lat' dir='ltr'>protoplasti</span> <span class='ocrx_word' id='word_1_110' title='bbox 1274 747 1433 781; x_wconf 87' lang='lat' dir='ltr'>scandala.</span> 
     </span>
    </p>
   </div>
   <div class='ocr_carea' id='block_1_13' title="bbox 964 811 1385 852">
    <p class='ocr_par' dir='ltr' id='par_1_13' title="bbox 964 811 1385 852">
     <span class='ocr_line' id='line_1_32' title="bbox 964 811 1385 852; baseline 0.002 -9"><span class='ocrx_word' id='word_1_111' title='bbox 964 838 970 844; x_wconf 94' lang='lat'>.</span> <span class='ocrx_word' id='word_1_112' title='bbox 997 811 1195 852; x_wconf 79' lang='lat' dir='ltr'>Calagurrita</span> <span class='ocrx_word' id='word_1_113' title='bbox 1217 812 1385 852; x_wconf 81' lang='lat' dir='ltr'>praecluis,</span> 
     </span>
    </p>
   </div>
   <div class='ocr_carea' id='block_1_14' title="bbox 997 859 1431 986">
    <p class='ocr_par' dir='ltr' id='par_1_14' title="bbox 997 859 1431 986">
     <span class='ocr_line' id='line_1_33' title="bbox 999 859 1418 899; baseline 0.002 -9"><span class='ocrx_word' id='word_1_114' title='bbox 999 859 1095 891; x_wconf 85' lang='lat' dir='ltr'>Poeta</span> <span class='ocrx_word' id='word_1_115' title='bbox 1119 861 1273 899; x_wconf 85' lang='lat' dir='ltr'>quondam</span> <span class='ocrx_word' id='word_1_116' title='bbox 1295 860 1418 899; x_wconf 88' lang='lat' dir='ltr'>nobilis,</span> 
     </span>
     <span class='ocr_line' id='line_1_34' title="bbox 997 905 1431 947; baseline 0.005 -11"><span class='ocrx_word' id='word_1_117' title='bbox 997 905 1118 938; x_wconf 85' lang='lat' dir='ltr'>Nomen</span> <span class='ocrx_word' id='word_1_118' title='bbox 1143 905 1255 938; x_wconf 84' lang='lat' dir='ltr'>famosi</span> <span class='ocrx_word' id='word_1_119' title='bbox 1278 907 1431 947; x_wconf 78' lang='lat' dir='ltr'>praesulis</span> 
     </span>
     <span class='ocr_line' id='line_1_35' title="bbox 997 952 1427 986; baseline 0.002 -2"><span class='ocrx_word' id='word_1_120' title='bbox 997 952 1125 985; x_wconf 89' lang='lat' dir='ltr'>Habens</span> <span class='ocrx_word' id='word_1_121' title='bbox 1149 953 1235 985; x_wconf 90' lang='lat' dir='ltr'>urbis</span> <span class='ocrx_word' id='word_1_122' title='bbox 1258 953 1427 986; x_wconf 88' lang='lat' dir='ltr'>Tirasonis.</span> 
     </span>
    </p>
   </div>
   <div class='ocr_carea' id='block_1_15' title="bbox 965 1018 1384 1058">
    <p class='ocr_par' dir='ltr' id='par_1_15' title="bbox 965 1018 1384 1058">
     <span class='ocr_line' id='line_1_36' title="bbox 965 1018 1384 1058; baseline -0.005 -6"><span class='ocrx_word' id='word_1_123' title='bbox 965 1045 971 1052; x_wconf 99' lang='lat'>.</span> <span class='ocrx_word' id='word_1_124' title='bbox 997 1018 1097 1058; x_wconf 70' lang='lat' dir='ltr'>HuJus</span> <span class='ocrx_word' id='word_1_125' title='bbox 1123 1028 1195 1058; x_wconf 83' lang='lat' dir='ltr'>ergo</span> <span class='ocrx_word' id='word_1_126' title='bbox 1220 1019 1384 1051; x_wconf 86' lang='lat' dir='ltr'>Prudentii</span> 
     </span>
    </p>
   </div>
   <div class='ocr_carea' id='block_1_16' title="bbox 996 1065 1403 1192">
    <p class='ocr_par' dir='ltr' id='par_1_16' title="bbox 996 1065 1403 1192">
     <span class='ocr_line' id='line_1_37' title="bbox 1000 1065 1385 1106; baseline 0 -9"><span class='ocrx_word' id='word_1_127' title='bbox 1000 1065 1124 1097; x_wconf 84' lang='lat' dir='ltr'>Suffulti</span> <span class='ocrx_word' id='word_1_128' title='bbox 1147 1075 1202 1097; x_wconf 91' lang='lat' dir='ltr'>nos</span> <span class='ocrx_word' id='word_1_129' title='bbox 1222 1066 1385 1106; x_wconf 82' lang='lat' dir='ltr'>suffragiis,</span> 
     </span>
     <span class='ocr_line' id='line_1_38' title="bbox 996 1112 1378 1152; baseline 0 -9"><span class='ocrx_word' id='word_1_130' title='bbox 996 1112 1075 1151; x_wconf 78' lang='lat' dir='ltr'>Ejus</span> <span class='ocrx_word' id='word_1_131' title='bbox 1102 1113 1186 1145; x_wconf 81' lang='lat' dir='ltr'>docti</span> <span class='ocrx_word' id='word_1_132' title='bbox 1209 1113 1378 1152; x_wconf 82' lang='lat' dir='ltr'>prudentia</span> 
     </span>
     <span class='ocr_line' id='line_1_39' title="bbox 1001 1159 1403 1192; baseline 0.002 -2"><span class='ocrx_word' id='word_1_133' title='bbox 1001 1159 1158 1191; x_wconf 89' lang='lat' dir='ltr'>Vehamur</span> <span class='ocrx_word' id='word_1_134' title='bbox 1183 1160 1224 1191; x_wconf 90' lang='lat' dir='ltr'>ad</span> <span class='ocrx_word' id='word_1_135' title='bbox 1250 1160 1403 1192; x_wconf 78' lang='lat' dir='ltr'>coelastia.</span> 
     </span>
    </p>
   </div>
   <div class='ocr_carea' id='block_1_17' title="bbox 966 1225 1502 1265">
    <p class='ocr_par' dir='ltr' id='par_1_17' title="bbox 966 1225 1502 1265">
     <span class='ocr_line' id='line_1_40' title="bbox 966 1225 1502 1265; baseline -0.002 -9"><span class='ocrx_word' id='word_1_136' title='bbox 966 1251 972 1256; x_wconf 95' lang='lat'>.</span> <span class='ocrx_word' id='word_1_137' title='bbox 1000 1225 1200 1265; x_wconf 75' lang='lat' dir='ltr'>QuaesumuS‚</span> <span class='ocrx_word' id='word_1_138' title='bbox 1227 1227 1335 1257; x_wconf 83' lang='lat' dir='ltr'>auctor</span> <span class='ocrx_word' id='word_1_139' title='bbox 1358 1225 1502 1264; x_wconf 84' lang='lat' dir='ltr'>omnium,</span> 
     </span>
    </p>
   </div>
   <div class='ocr_carea' id='block_1_18' title="bbox 996 1272 1439 1406">
    <p class='ocr_par' dir='ltr' id='par_1_18' title="bbox 996 1272 1439 1406">
     <span class='ocr_line' id='line_1_41' title="bbox 998 1272 1420 1312; baseline 0.002 -9"><span class='ocrx_word' id='word_1_140' title='bbox 998 1273 1037 1304; x_wconf 87' lang='lat' dir='ltr'>In</span> <span class='ocrx_word' id='word_1_141' title='bbox 1061 1272 1121 1304; x_wconf 86' lang='lat' dir='ltr'>hoc</span> <span class='ocrx_word' id='word_1_142' title='bbox 1145 1273 1286 1311; x_wconf 87' lang='lat' dir='ltr'>paschali</span> <span class='ocrx_word' id='word_1_143' title='bbox 1309 1273 1420 1312; x_wconf 83' lang='lat' dir='ltr'>gaudio</span> 
     </span>
     <span class='ocr_line' id='line_1_42' title="bbox 996 1318 1431 1358; baseline 0.002 -8"><span class='ocrx_word' id='word_1_144' title='bbox 996 1318 1048 1350; x_wconf 88' lang='lat' dir='ltr'>Ab</span> <span class='ocrx_word' id='word_1_145' title='bbox 1073 1319 1157 1351; x_wconf 90' lang='lat' dir='ltr'>omni</span> <span class='ocrx_word' id='word_1_146' title='bbox 1181 1320 1290 1351; x_wconf 89' lang='lat' dir='ltr'>mortis</span> <span class='ocrx_word' id='word_1_147' title='bbox 1313 1319 1431 1358; x_wconf 89' lang='lat' dir='ltr'>impetu</span> 
     </span>
     <span class='ocr_line' id='line_1_43' title="bbox 997 1364 1439 1406; baseline 0.002 -9"><span class='ocrx_word' id='word_1_148' title='bbox 997 1366 1098 1397; x_wconf 88' lang='lat' dir='ltr'>Tuum</span> <span class='ocrx_word' id='word_1_149' title='bbox 1124 1364 1258 1398; x_wconf 87' lang='lat' dir='ltr'>defende</span> <span class='ocrx_word' id='word_1_150' title='bbox 1281 1366 1439 1406; x_wconf 84' lang='lat' dir='ltr'>populum.</span> 
     </span>
    </p>
   </div>
   <div class='ocr_carea' id='block_1_19' title="bbox 636 1431 1086 1472">
    <p class='ocr_par' dir='ltr' id='par_1_19' title="bbox 636 1431 1086 1472">
     <span class='ocr_line' id='line_1_44' title="bbox 636 1431 1086 1472; baseline -0.002 -8"><span class='ocrx_word' id='word_1_151' title='bbox 636 1432 689 1464; x_wconf 85' lang='lat'>11.</span> <span class='ocrx_word' id='word_1_152' title='bbox 718 1431 827 1464; x_wconf 84' lang='lat' dir='ltr'>Gloria</span> <span class='ocrx_word' id='word_1_153' title='bbox 850 1432 918 1472; x_wconf 83' lang='lat' dir='ltr'>tibi,</span> <span class='ocrx_word' id='word_1_154' title='bbox 944 1431 1086 1464; x_wconf 88' lang='lat' dir='ltr'>Domine.</span> 
     </span>
    </p>
   </div>
   <div class='ocr_carea' id='block_1_20' title="bbox 241 1504 1533 1693">
    <p class='ocr_par' dir='ltr' id='par_1_20' title="bbox 241 1504 1533 1693">
     <span class='ocr_line' id='line_1_45' title="bbox 315 1504 1531 1542; baseline -0.001 -9"><span class='ocrx_word' id='word_1_155' title='bbox 315 1506 399 1533; x_wconf 87' lang='lat' dir='ltr'>Brev.</span> <span class='ocrx_word' id='word_1_156' title='bbox 419 1506 612 1534; x_wconf 73' lang='lat' dir='ltr'>Til-asonense</span> <span class='ocrx_word' id='word_1_157' title='bbox 637 1507 705 1542; x_wconf 87' lang='lat' dir='ltr'>imp.</span> <span class='ocrx_word' id='word_1_158' title='bbox 725 1506 857 1534; x_wconf 57' lang='lat' dir='ltr'>Veneriis</span> <span class='ocrx_word' id='word_1_159' title='bbox 879 1504 959 1534; x_wconf 84' lang='lat'>1497.</span> <span class='ocrx_word' id='word_1_160' title='bbox 978 1507 1012 1534; x_wconf 91' lang='lat' dir='ltr'>A.</span> <span class='ocrx_word' id='word_1_161' title='bbox 1039 1520 1075 1525; x_wconf 84' lang='lat'><strong>—</strong></span> <span class='ocrx_word' id='word_1_162' title='bbox 1097 1507 1180 1534; x_wconf 85' lang='lat' dir='ltr'>Brev.</span> <span class='ocrx_word' id='word_1_163' title='bbox 1208 1515 1259 1533; x_wconf 90' lang='lat' dir='ltr'>ms.</span> <span class='ocrx_word' id='word_1_164' title='bbox 1281 1504 1531 1541; x_wconf 82' lang='lat' dir='ltr'>Calagurritanum</span> 
     </span>
     <span class='ocr_line' id='line_1_46' title="bbox 252 1541 1532 1577; baseline -0.001 -6"><span class='ocrx_word' id='word_1_165' title='bbox 252 1552 318 1572; x_wconf 70' lang='lat' dir='ltr'>caeo.</span> <span class='ocrx_word' id='word_1_166' title='bbox 342 1542 386 1571; x_wconf 78' lang='lat'>15.</span> <span class='ocrx_word' id='word_1_167' title='bbox 408 1543 476 1572; x_wconf 83' lang='lat' dir='ltr'>Cod.</span> <span class='ocrx_word' id='word_1_168' title='bbox 497 1544 702 1572; x_wconf 85' lang='lat' dir='ltr'>Salmanticen.</span> <span class='ocrx_word' id='word_1_169' title='bbox 724 1541 786 1571; x_wconf 81' lang='lat'>186.</span> <span class='ocrx_word' id='word_1_170' title='bbox 806 1545 840 1571; x_wconf 90' lang='lat' dir='ltr'>B.</span> <span class='ocrx_word' id='word_1_171' title='bbox 858 1559 896 1563; x_wconf 91' lang='lat'>—</span> <span class='ocrx_word' id='word_1_172' title='bbox 916 1544 972 1572; x_wconf 83' lang='lat' dir='ltr'>Str.</span> <span class='ocrx_word' id='word_1_173' title='bbox 992 1541 1009 1572; x_wconf 81' lang='lat'><strong>3</strong></span> <span class='ocrx_word' id='word_1_174' title='bbox 1029 1544 1099 1571; x_wconf 82' lang='lat' dir='ltr'>fehlt</span> <span class='ocrx_word' id='word_1_175' title='bbox 1113 1545 1146 1571; x_wconf 88' lang='lat' dir='ltr'>B.</span> <span class='ocrx_word' id='word_1_176' title='bbox 1166 1556 1205 1561; x_wconf 90' lang='lat'>—-</span> <span class='ocrx_word' id='word_1_177' title='bbox 1224 1542 1250 1577; x_wconf 83' lang='lat'>6,</span> <span class='ocrx_word' id='word_1_178' title='bbox 1272 1543 1287 1571; x_wconf 82' lang='lat'>1</span> <span class='ocrx_word' id='word_1_179' title='bbox 1301 1543 1436 1571; x_wconf 73' lang='lat' dir='ltr'>Gaudens</span> <span class='ocrx_word' id='word_1_180' title='bbox 1455 1544 1487 1570; x_wconf 89' lang='lat' dir='ltr'>in</span> <span class='ocrx_word' id='word_1_181' title='bbox 1500 1544 1532 1571; x_wconf 84' lang='lat' dir='ltr'>B.</span> 
     </span>
     <span class='ocr_line' id='line_1_47' title="bbox 242 1579 1533 1618; baseline -0.001 -10"><span class='ocrx_word' id='word_1_182' title='bbox 242 1595 280 1601; x_wconf 60' lang='lat'>-„</span> <span class='ocrx_word' id='word_1_183' title='bbox 300 1580 326 1615; x_wconf 84' lang='lat'>7,</span> <span class='ocrx_word' id='word_1_184' title='bbox 346 1580 366 1609; x_wconf 88' lang='lat'>4</span> <span class='ocrx_word' id='word_1_185' title='bbox 384 1582 578 1618; x_wconf 79' lang='lat' dir='ltr'>protoplausti</span> <span class='ocrx_word' id='word_1_186' title='bbox 597 1583 629 1608; x_wconf 83' lang='lat' dir='ltr'>B.</span> <span class='ocrx_word' id='word_1_187' title='bbox 648 1597 681 1600; x_wconf 97' lang='lat'><strong>—</strong></span> <span class='ocrx_word' id='word_1_188' title='bbox 697 1581 861 1610; x_wconf 85' lang='lat' dir='ltr'>Sonderbar</span> <span class='ocrx_word' id='word_1_189' title='bbox 880 1583 926 1612; x_wconf 85' lang='lat' dir='ltr'>ist,</span> <span class='ocrx_word' id='word_1_190' title='bbox 948 1583 1009 1610; x_wconf 71' lang='lat' dir='ltr'>dass</span> <span class='ocrx_word' id='word_1_191' title='bbox 1029 1590 1087 1609; x_wconf 90' lang='lat' dir='ltr'>von</span> <span class='ocrx_word' id='word_1_192' title='bbox 1107 1582 1162 1609; x_wconf 86' lang='lat' dir='ltr'>den</span> <span class='ocrx_word' id='word_1_193' title='bbox 1176 1579 1210 1609; x_wconf 89' lang='lat'>10</span> <span class='ocrx_word' id='word_1_194' title='bbox 1225 1581 1367 1616; x_wconf 84' lang='lat' dir='ltr'>Strophen</span> <span class='ocrx_word' id='word_1_195' title='bbox 1380 1581 1429 1609; x_wconf 85' lang='lat' dir='ltr'>des</span> <span class='ocrx_word' id='word_1_196' title='bbox 1442 1581 1533 1614; x_wconf 76' lang='lat' dir='ltr'>Hym-</span> 
     </span>
     <span class='ocr_line' id='line_1_48' title="bbox 241 1619 1533 1656; baseline -0.001 -9"><span class='ocrx_word' id='word_1_197' title='bbox 241 1628 295 1648; x_wconf 86' lang='lat' dir='ltr'>nus</span> <span class='ocrx_word' id='word_1_198' title='bbox 321 1620 403 1647; x_wconf 79' lang='lat' dir='ltr'>sechs</span> <span class='ocrx_word' id='word_1_199' title='bbox 430 1619 495 1647; x_wconf 85' lang='lat' dir='ltr'>dem</span> <span class='ocrx_word' id='word_1_200' title='bbox 521 1619 642 1647; x_wconf 73' lang='lat' dir='ltr'>Dichter</span> <span class='ocrx_word' id='word_1_201' title='bbox 667 1619 803 1647; x_wconf 86' lang='lat' dir='ltr'>Aurelius</span> <span class='ocrx_word' id='word_1_202' title='bbox 826 1619 1000 1647; x_wconf 83' lang='lat' dir='ltr'>Prudentius</span> <span class='ocrx_word' id='word_1_203' title='bbox 1021 1620 1152 1647; x_wconf 83' lang='lat' dir='ltr'>Clemens</span> <span class='ocrx_word' id='word_1_204' title='bbox 1179 1619 1331 1656; x_wconf 82' lang='lat' dir='ltr'>gewidmet.</span> <span class='ocrx_word' id='word_1_205' title='bbox 1355 1619 1427 1646; x_wconf 87' lang='lat' dir='ltr'>sind.</span> <span class='ocrx_word' id='word_1_206' title='bbox 1466 1619 1533 1646; x_wconf 89' lang='lat' dir='ltr'>Die-</span> 
     </span>
     <span class='ocr_line' id='line_1_49' title="bbox 242 1657 1311 1693; baseline -0.002 -8"><span class='ocrx_word' id='word_1_207' title='bbox 242 1657 344 1686; x_wconf 86' lang='lat' dir='ltr'>selben</span> <span class='ocrx_word' id='word_1_208' title='bbox 365 1657 431 1685; x_wconf 84' lang='lat' dir='ltr'>sind</span> <span class='ocrx_word' id='word_1_209' title='bbox 450 1658 481 1684; x_wconf 86' lang='lat' dir='ltr'>in</span> <span class='ocrx_word' id='word_1_210' title='bbox 500 1658 550 1685; x_wconf 85' lang='lat' dir='ltr'>der</span> <span class='ocrx_word' id='word_1_211' title='bbox 569 1657 721 1692; x_wconf 85' lang='lat' dir='ltr'>folgenden</span> <span class='ocrx_word' id='word_1_212' title='bbox 741 1657 937 1693; x_wconf 83' lang='lat' dir='ltr'>Bearbeitung·</span> <span class='ocrx_word' id='word_1_213' title='bbox 957 1658 1006 1686; x_wconf 87' lang='lat' dir='ltr'>des</span> <span class='ocrx_word' id='word_1_214' title='bbox 1026 1658 1159 1692; x_wconf 87' lang='lat' dir='ltr'>Hymnus</span> <span class='ocrx_word' id='word_1_215' title='bbox 1181 1658 1311 1685; x_wconf 81' lang='lat' dir='ltr'>entt&#39;ernt.</span> 
     </span>
    </p>
   </div>
   <div class='ocr_carea' id='block_1_21' title="bbox 665 1821 1140 1855">
    <p class='ocr_par' dir='ltr' id='par_1_21' title="bbox 665 1821 1140 1855">
     <span class='ocr_line' id='line_1_50' title="bbox 665 1821 1140 1855; baseline -0.002 0"><span class='ocrx_word' id='word_1_216' title='bbox 665 1822 732 1855; x_wconf 85' lang='lat'>426.</span> <span class='ocrx_word' id='word_1_217' title='bbox 772 1823 814 1855; x_wconf 90' lang='lat' dir='ltr'>De</span> <span class='ocrx_word' id='word_1_218' title='bbox 834 1823 941 1855; x_wconf 81' lang='lat' dir='ltr'>sancto</span> <span class='ocrx_word' id='word_1_219' title='bbox 963 1821 1140 1855; x_wconf 82' lang='lat' dir='ltr'>Prudentio.</span> 
     </span>
    </p>
   </div>
   <div class='ocr_carea' id='block_1_22' title="bbox 784 1909 1006 1947">
    <p class='ocr_par' dir='ltr' id='par_1_22' title="bbox 784 1909 1006 1947">
     <span class='ocr_line' id='line_1_51' title="bbox 784 1909 1006 1947; baseline 0 -8"><span class='ocrx_word' id='word_1_220' title='bbox 784 1910 832 1940; x_wconf 92' lang='lat' dir='ltr'>Ad</span> <span class='ocrx_word' id='word_1_221' title='bbox 851 1909 1006 1947; x_wconf 81' lang='lat' dir='ltr'>vesperas.</span> 
     </span>
    </p>
   </div>
   <div class='ocr_carea' id='block_1_23' title="bbox 244 1997 770 2179">
    <p class='ocr_par' dir='ltr' id='par_1_23' title="bbox 244 1997 770 2179">
     <span class='ocr_line' id='line_1_52' title="bbox 244 1997 770 2040; baseline -0.008 -8"><span class='ocrx_word' id='word_1_222' title='bbox 244 2000 275 2032; x_wconf 86' lang='lat'>1.</span> <span class='ocrx_word' id='word_1_223' title='bbox 302 1999 355 2031; x_wconf 90' lang='lat' dir='ltr'>Ad</span> <span class='ocrx_word' id='word_1_224' title='bbox 379 1997 517 2040; x_wconf 84' lang='lat' dir='ltr'>laudem,</span> <span class='ocrx_word' id='word_1_225' title='bbox 545 2007 562 2030; x_wconf 94' lang='lat'>0</span> <span class='ocrx_word' id='word_1_226' title='bbox 588 2006 645 2029; x_wconf 83' lang='lat' dir='ltr'>rex</span> <span class='ocrx_word' id='word_1_227' title='bbox 668 1998 770 2040; x_wconf 82' lang='lat' dir='ltr'>hagie,</span> 
     </span>
     <span class='ocr_line' id='line_1_53' title="bbox 302 2045 708 2085; baseline 0 -9"><span class='ocrx_word' id='word_1_228' title='bbox 302 2045 389 2077; x_wconf 86' lang='lat' dir='ltr'>Tuae</span> <span class='ocrx_word' id='word_1_229' title='bbox 414 2045 562 2085; x_wconf 87' lang='lat' dir='ltr'>perennis</span> <span class='ocrx_word' id='word_1_230' title='bbox 589 2045 708 2084; x_wconf 82' lang='lat' dir='ltr'>gloriae</span> 
     </span>
     <span class='ocr_line' id='line_1_54' title="bbox 301 2091 706 2123; baseline 0 -1"><span class='ocrx_word' id='word_1_231' title='bbox 301 2091 395 2123; x_wconf 87' lang='lat' dir='ltr'>Vitae</span> <span class='ocrx_word' id='word_1_232' title='bbox 420 2091 557 2123; x_wconf 84' lang='lat' dir='ltr'>dicatum</span> <span class='ocrx_word' id='word_1_233' title='bbox 584 2091 706 2123; x_wconf 87' lang='lat' dir='ltr'>hostiae</span> 
     </span>
     <span class='ocr_line' id='line_1_55' title="bbox 304 2137 757 2179; baseline 0 -10"><span class='ocrx_word' id='word_1_234' title='bbox 304 2137 438 2170; x_wconf 83' lang='lat' dir='ltr'>Carmen</span> <span class='ocrx_word' id='word_1_235' title='bbox 462 2138 599 2179; x_wconf 86' lang='lat' dir='ltr'>benigne</span> <span class='ocrx_word' id='word_1_236' title='bbox 622 2139 757 2177; x_wconf 77' lang='lat' dir='ltr'>suscipe.</span> 
     </span>
    </p>
   </div>
   <div class='ocr_carea' id='block_1_24' title="bbox 245 2202 714 2374">
    <p class='ocr_par' dir='ltr' id='par_1_24' title="bbox 245 2202 714 2374">
     <span class='ocr_line' id='line_1_56' title="bbox 245 2202 714 2242; baseline -0.006 -6"><span class='ocrx_word' id='word_1_237' title='bbox 245 2205 275 2238; x_wconf 84' lang='lat'>2.</span> <span class='ocrx_word' id='word_1_238' title='bbox 302 2203 358 2234; x_wconf 91' lang='lat' dir='ltr'>Bis</span> <span class='ocrx_word' id='word_1_239' title='bbox 381 2202 448 2235; x_wconf 88' lang='lat' dir='ltr'>bini</span> <span class='ocrx_word' id='word_1_240' title='bbox 473 2205 542 2234; x_wconf 88' lang='lat' dir='ltr'>rota</span> <span class='ocrx_word' id='word_1_241' title='bbox 564 2203 714 2242; x_wconf 88' lang='lat' dir='ltr'>temporis</span> 
     </span>
     <span class='ocr_line' id='line_1_57' title="bbox 301 2249 712 2288; baseline 0.002 -7"><span class='ocrx_word' id='word_1_242' title='bbox 301 2249 394 2281; x_wconf 89' lang='lat' dir='ltr'>Diem</span> <span class='ocrx_word' id='word_1_243' title='bbox 418 2250 552 2281; x_wconf 89' lang='lat' dir='ltr'>revolvit</span> <span class='ocrx_word' id='word_1_244' title='bbox 577 2249 712 2288; x_wconf 87' lang='lat' dir='ltr'>populis.</span> 
     </span>
     <span class='ocr_line' id='line_1_58' title="bbox 304 2295 702 2335; baseline -0.003 -8"><span class='ocrx_word' id='word_1_245' title='bbox 304 2295 416 2327; x_wconf 84' lang='lat' dir='ltr'>Colant</span> <span class='ocrx_word' id='word_1_246' title='bbox 437 2297 473 2326; x_wconf 82' lang='lat' dir='ltr'>ut</span> <span class='ocrx_word' id='word_1_247' title='bbox 495 2295 556 2335; x_wconf 86' lang='lat' dir='ltr'>ipsi</span> <span class='ocrx_word' id='word_1_248' title='bbox 580 2295 702 2334; x_wconf 81' lang='lat' dir='ltr'>gaudfis</span> 
     </span>
     <span class='ocr_line' id='line_1_59' title="bbox 301 2340 683 2374; baseline 0.003 -1"><span class='ocrx_word' id='word_1_249' title='bbox 301 2342 432 2373; x_wconf 87' lang='lat' dir='ltr'>Festum</span> <span class='ocrx_word' id='word_1_250' title='bbox 456 2342 501 2372; x_wconf 85' lang='lat' dir='ltr'>tui</span> <span class='ocrx_word' id='word_1_251' title='bbox 526 2340 683 2374; x_wconf 78' lang='lat' dir='ltr'>satellitis,</span> 
     </span>
    </p>
   </div>
   <div class='ocr_carea' id='block_1_25' title="bbox 924 1996 1357 2037">
    <p class='ocr_par' dir='ltr' id='par_1_25' title="bbox 924 1996 1357 2037">
     <span class='ocr_line' id='line_1_60' title="bbox 924 1996 1357 2037; baseline -0.007 -7"><span class='ocrx_word' id='word_1_252' title='bbox 924 1999 955 2030; x_wconf 84' lang='lat'>3.</span> <span class='ocrx_word' id='word_1_253' title='bbox 979 1996 1141 2035; x_wconf 86' lang='lat' dir='ltr'>Hispanus</span> <span class='ocrx_word' id='word_1_254' title='bbox 1165 1996 1217 2027; x_wconf 88' lang='lat' dir='ltr'>hic</span> <span class='ocrx_word' id='word_1_255' title='bbox 1238 1996 1357 2037; x_wconf 85' lang='lat' dir='ltr'>origine</span> 
     </span>
    </p>
   </div>
   <div class='ocr_carea' id='block_1_26' title="bbox 978 2043 1397 2174">
    <p class='ocr_par' dir='ltr' id='par_1_26' title="bbox 978 2043 1397 2174">
     <span class='ocr_line' id='line_1_61' title="bbox 979 2043 1397 2075; baseline 0.002 -1"><span class='ocrx_word' id='word_1_256' title='bbox 979 2043 1117 2075; x_wconf 82' lang='lat' dir='ltr'>Exortus</span> <span class='ocrx_word' id='word_1_257' title='bbox 1143 2045 1191 2074; x_wconf 83' lang='lat' dir='ltr'>est</span> <span class='ocrx_word' id='word_1_258' title='bbox 1213 2043 1397 2075; x_wconf 88' lang='lat' dir='ltr'>Armentiae</span> 
     </span>
     <span class='ocr_line' id='line_1_62' title="bbox 980 2089 1305 2128; baseline -0.006 -6"><span class='ocrx_word' id='word_1_259' title='bbox 980 2089 1009 2122; x_wconf 87' lang='lat' dir='ltr'><strong>E</strong></span> <span class='ocrx_word' id='word_1_260' title='bbox 1033 2089 1131 2121; x_wconf 89' lang='lat' dir='ltr'>nobili</span> <span class='ocrx_word' id='word_1_261' title='bbox 1157 2090 1305 2128; x_wconf 85' lang='lat' dir='ltr'>progenie</span> 
     </span>
     <span class='ocr_line' id='line_1_63' title="bbox 978 2134 1375 2174; baseline -0.003 -7"><span class='ocrx_word' id='word_1_262' title='bbox 978 2135 1103 2168; x_wconf 84' lang='lat' dir='ltr'>Simeno</span> <span class='ocrx_word' id='word_1_263' title='bbox 1127 2138 1219 2174; x_wconf 81' lang='lat' dir='ltr'>patre</span> <span class='ocrx_word' id='word_1_264' title='bbox 1241 2134 1375 2166; x_wconf 82' lang='lat' dir='ltr'>nomine.</span> 
     </span>
    </p>
   </div>
   <div class='ocr_carea' id='block_1_27' title="bbox 944 2199 1362 2238">
    <p class='ocr_par' dir='ltr' id='par_1_27' title="bbox 944 2199 1362 2238">
     <span class='ocr_line' id='line_1_64' title="bbox 944 2199 1362 2238; baseline -0.01 -5"><span class='ocrx_word' id='word_1_265' title='bbox 944 2226 951 2233; x_wconf 95' lang='lat'>.</span> <span class='ocrx_word' id='word_1_266' title='bbox 977 2199 1193 2231; x_wconf 83' lang='lat' dir='ltr'>Tirasonensis</span> <span class='ocrx_word' id='word_1_267' title='bbox 1217 2199 1362 2238; x_wconf 82' lang='lat' dir='ltr'>primitus</span> 
     </span>
    </p>
   </div>
   <div class='ocr_carea' id='block_1_28' title="bbox 975 2243 1444 2371">
    <p class='ocr_par' dir='ltr' id='par_1_28' title="bbox 975 2243 1444 2371">
     <span class='ocr_line' id='line_1_65' title="bbox 976 2243 1392 2285; baseline -0.002 -8"><span class='ocrx_word' id='word_1_268' title='bbox 976 2246 1036 2277; x_wconf 82' lang='lat' dir='ltr'>Est</span> <span class='ocrx_word' id='word_1_269' title='bbox 1060 2243 1160 2278; x_wconf 84' lang='lat' dir='ltr'>factus</span> <span class='ocrx_word' id='word_1_270' title='bbox 1184 2245 1392 2285; x_wconf 83' lang='lat' dir='ltr'>sacristarius,</span> 
     </span>
     <span class='ocr_line' id='line_1_66' title="bbox 975 2290 1444 2329; baseline 0.006 -7"><span class='ocrx_word' id='word_1_271' title='bbox 975 2290 1032 2323; x_wconf 85' lang='lat' dir='ltr'>Fit</span> <span class='ocrx_word' id='word_1_272' title='bbox 1055 2290 1129 2321; x_wconf 81' lang='lat' dir='ltr'>inde</span> <span class='ocrx_word' id='word_1_273' title='bbox 1152 2292 1278 2329; x_wconf 86' lang='lat' dir='ltr'>praesul</span> <span class='ocrx_word' id='word_1_274' title='bbox 1300 2292 1444 2329; x_wconf 80' lang='lat' dir='ltr'>protinus</span> 
     </span>
     <span class='ocr_line' id='line_1_67' title="bbox 976 2336 1394 2371; baseline 0.007 -3"><span class='ocrx_word' id='word_1_275' title='bbox 976 2337 1062 2368; x_wconf 88' lang='lat' dir='ltr'>Nutu</span> <span class='ocrx_word' id='word_1_276' title='bbox 1086 2336 1146 2368; x_wconf 90' lang='lat' dir='ltr'>Dei</span> <span class='ocrx_word' id='word_1_277' title='bbox 1170 2336 1394 2371; x_wconf 80' lang='lat' dir='ltr'>sanctissimus.</span> 
     </span>
    </p>
   </div>
  </div>
 </body>
</html>
