1651 2518
749 87 979 122 ..42-..

225 185 255 216 3.
281 183 363 214 Dum
387 191 489 223 regem
512 183 746 214 Marochiorum

330 228 542 261 Confidentem
567 229 691 269 agmine

282 275 368 307 Vicit
388 285 446 307 rex
470 276 718 309 Castenanorum

327 322 499 354 Transacto
520 323 585 361 jam
608 321 735 354 flumine

284 369 398 400 Salado
423 370 456 400 in
480 370 511 401 vi
536 377 692 401 armorum

330 415 438 447 Crucis
465 424 534 447 cum
557 415 720 447 velamine.

896 183 929 215 4.
955 182 1227 222 Portugalliaeque
1252 189 1326 221 rege

1001 227 1160 260 Granatae
1185 237 1241 260 rex
1265 228 1410 266 vincitur,

952 274 1011 306 His
1035 277 1235 313 prostrantur
1257 282 1313 306 suo
1337 282 1441 314 grege,

999 321 1179 353 Machomet
1203 321 1271 361 quis
1297 321 1421 360 colitur,

952 367 1105 400 Exaltata
1127 370 1237 400 nostra
1259 368 1329 408 lege

1000 414 1142 446 Christus
1167 414 1376 445 benedicitur.

615 473 645 504 5.
670 470 845 503 Roboranti
867 470 954 510 patri
978 470 1096 503 demus,

297 536 380 562 Brev.
400 544 453 562 ms.
472 534 644 562 Toletanum
664 541 740 561 saee.
761 532 804 561 14.
833 533 902 561 Cod.
926 533 1020 569 Capit.
1039 535 1175 561 Toletani
1193 531 1297 562 33—6.
1317 534 1352 561 A.
1370 548 1407 553 —
1428 534 1512 562 Brev.

222 580 276 598 ms.
297 572 469 599 Toletanum
489 579 563 599 saec.
587 570 629 598 15.
652 571 720 599 Cod.
741 571 832 606 Capit.
852 571 987 598 Toletani
1006 569 1107 599 33—9.
1127 572 1159 599 B.
1179 586 1216 591 —-
1235 571 1319 599 Brev.
1339 571 1512 599 Toletanum

221 611 289 644 imp.
307 609 439 637 Venetiis
459 606 541 636 1483.
561 608 592 637 O.
619 623 649 628 —
668 609 751 636 Brev.
770 608 944 636 Toletanum
962 611 1031 644 imp.
1051 609 1183 636 Venetiis
1208 606 1293 636 1492.
1313 610 1351 636 D.
1371 622 1408 627 —-«
1428 609 1511 636 Brev-

221 647 393 674 Toletanum
416 648 484 682 imp.
509 646 627 682 Hispali
654 642 733 673 1493.
758 645 794 673 Ε.
820 661 858 666 ——-
882 647 967 673 Brev.
989 645 1161 673 'toletanum
1186 648 1255 682 imp.
1271 647 1402 674 Venetiis
1430 645 1510 674 1506.

222 684 254 711 F.
279 698 288 701 -
335 685 418 711 Brev.
438 683 609 711 Toletanum
634 685 702 718 imp.
720 683 856 719 Lugduni
885 681 965 711 1551.
987 683 1019 710 G.
1038 698 1077 704 —
1097 681 1126 718 3,
1148 683 1165 711 5
1184 684 1319 711 Mariana
1337 684 1357 711 1.
1378 692 1401 711 e.
1422 686 1513 712 neunt

221 721 276 748 den
289 721 369 748 Fluss
383 720 492 753 Falsus,
514 721 600 748 Gams
622 720 675 753 ΠΙ,
697 718 752 748 332
765 720 904 757 Salgad03
925 720 975 748 der
994 720 1117 757 richtige
1130 722 1222 749 Name
1241 723 1281 749 ist
1300 721 1350 749 der
1366 721 1459 757 obige.
1474 736 1510 740 —-

220 756 247 793 4,
268 755 286 785 3
307 766 360 786 sua
378 766 466 794 grege
484 759 520 785 D,
541 773 577 777 —-
597 755 623 792 4,
643 755 663 784 4
682 758 848 786 Mochomat
866 759 901 792 D,
921 758 1088 786 Machomat
1106 758 1140 786 G.

675 848 715 879 31.
753 847 798 879 Ad
819 848 1061 888 completorium.

224 918 253 950 1.
280 918 364 949 Ecce
386 919 448 955 jam
476 918 613 949 declinat
639 917 716 958 dies,

322 964 387 1002 jam
413 965 498 995 venit
522 964 563 995 ad
588 972 762 1004 vesperum,

278 1010 428 1042 Flammis
454 1019 525 1042 vero
550 1012 658 1050 paucis
683 1011 767 1052 solis,

324 1058 408 1089 unde
433 1058 527 1097 venit,
550 1066 710 1097 revocans,

279 1104 427 1136 Ordinem
452 1112 541 1135 suum
564 1103 733 1135 observans

329 1150 436 1182 mundi
461 1151 572 1182 clausit
596 1151 752 1183 tenebrae.

894 920 925 951 2.
951 917 1017 950 Nos
1041 917 1164 958 indigni
1186 922 1368 957 peccatores

1000 967 1032 996 te
1055 968 1220 1004 precantes
1245 974 1440 1005 quaesumus,

949 1011 1021 1043 Non
1047 1012 1218 1043 secundum
1240 1013 1323 1044 mala
1348 1015 1454 1045 nostra

997 1061 1032 1089 tu
1056 1058 1147 1090 nobis
1171 1058 1340 1100 retribuas,

950 1104 1014 1136 Sed
1037 1113 1157 1145 preces,
1185 1114 1261 1145 quas
1284 1109 1316 1137 te
1331 1114 1505 1149 precamur,

998 1154 1042 1191 tu,
1070 1151 1204 1194 Christe,
1232 1153 1395 1191 suscipias.

294 1215 378 1242 Brev.
406 1214 576 1251 Urgellense
601 1215 669 1250 imp.
695 1215 825 1242 Venetiis
855 1213 934 1243 1483.
956 1229 992 1234 ——-
1012 1216 1072 1243 Der
1094 1216 1173 1243 volle
1190 1217 1265 1243 Text
1288 1217 1381 1245 dieses
1401 1217 1507 1245 Liedes

217 1254 257 1279 ist
283 1253 388 1280 bereits
409 1251 549 1279 Analecta
567 1251 638 1284 ΧΠ,
667 1250 700 1279 18
719 1260 771 1280 aus
791 1252 856 1280 dem
874 1253 993 1280 Brevier
1011 1261 1070 1281 von
1089 1252 1165 1280 Elne
1185 1254 1353 1290 mitgeteilt,
1377 1255 1505 1283 weshalb

218 1289 280 1317 hier
299 1298 354 1316 nur
373 1289 421 1316 die
439 1298 475 1316 nt.
486 1289 514 1316 :h
535 1290 656 1324 fibrigen
676 1290 908 1325 Abweiehungen
927 1290 1032 1326 folgen.
1053 1304 1089 1308 —
1111 1288 1135 1323 1,
1159 1289 1173 1318 1
1193 1291 1229 1317 In
1248 1291 1298 1318 der
1318 1292 1507 1320 fehlerhaften

218 1326 423 1363 Anfangn-zoile
446 1327 496 1353 des
514 1326 644 1354 Einense
667 1328 708 1353 ist
730 1327 782 1355 das
803 1331 891 1360 erste,
918 1328 1002 1355 nicht.
1020 1328 1071 1355 das
1091 1330 1193 1355 zweite
1212 1328 1274 1356 (lies
1294 1337 1330 1355 zu
1348 1331 1451 1364 tilgen.
1470 1344 1508 1349 —

218 1362 251 1397 3,
279 1361 288 1390 Γ
322 1363 429 1391 frontes
449 1367 571 1391 nostros.
593 1378 628 1382 —
655 1364 758 1391 Dieser
783 1364 910 1392 offenbar
934 1365 992 1392 alte
1011 1366 1144 1399 Hymnus
1164 1366 1262 1392 machi:
1280 1367 1376 1394 seiner
1394 1375 1507 1402 ganzen

218 1401 351 1436 Haltung
375 1401 449 1428 nach
474 1402 541 1428 sehr
562 1402 616 1428 don
634 1402 785 1429 Eindruck
808 1402 1038 1429 mozarabischer
1057 1402 1208 1430 Herkunst.
1246 1403 1299 1431 1011
1317 1412 1436 1441 vei-mag
1455 1404 1507 1432 ihn

218 1439 288 1467 aber
307 1440 338 1465 in
357 1438 583 1466 Handschriften
603 1438 695 1466 dieses
716 1439 800 1466 Ritus
820 1440 901 1467 nieht
919 1440 1145 1468 naehzuweisen.

654 1529 699 1561 32.
730 1530 864 1569 Hymnus
883 1538 939 1570 pro
960 1530 1076 1570 pluvia.

220 1598 250 1630 1.
279 1598 418 1636 Creator,
444 1598 540 1639 Deus,
568 1599 713 1641 omnium,

277 1645 403 1677 Exaudi
426 1653 535 1683 preces
559 1646 746 1688 supplicum,

276 1691 327 1723 Da
350 1692 439 1723 nobis
465 1694 569 1731 guttas
593 1692 740 1724 imbrium

276 1738 320 1769 Et
344 1739 462 1769 cunctis
485 1746 588 1770 rorem
614 1739 772 1771 coelicum.

219 1796 251 1827 2.
273 1795 332 1833 Qui
358 1797 470 1826 cuncta
494 1794 576 1834 regis
601 1796 701 1827 maria

276 1840 320 1873 Et
343 1850 471 1880 separas
496 1842 535 1873 ab
560 1842 661 1882 arida,

276 1887 377 1919 Detur
401 1888 527 1927 pluviae
551 1889 653 1928 gratia

279 1934 410 1975 Telluri,
437 1943 516 1973 quae
541 1939 588 1966 est
613 1936 712 1970 arida.

221 1992 252 2023 3.
279 1990 337 2028 Qui
359 1990 466 2029 Moysi
488 1991 624 2022 eduxisti

279 2038 374 2069 Potus
402 2037 441 2069 de
465 2046 543 2076 rupe
565 2038 682 2070 rivulos

278 2083 322 2115 Et
344 2084 454 2123 populi
481 2084 544 2115 dux
568 2083 665 2124 fuisti,

276 2130 328 2163 Da
352 2130 441 2162 nobis
466 2139 565 2170 aquae
589 2132 727 2171 poculOS.

221 2188 253 2218 4.
279 2187 338 2224 Qui
361 2189 460 2218 totam
483 2189 601 2219 terram
625 2188 736 2228 rigasti

278 2233 424 2266 Paradisi
448 2232 637 2277 fluminibus,

282 2279 344 2311 Ter
368 2280 455 2311 mille
478 2279 526 2311 bis
552 2282 674 2313 satiasti

278 2326 402 2358 Mentes
428 2335 467 2357 ex
491 2329 627 2367 quinque
650 2329 794 2368 panibus,

892 1601 920 1634 5.
948 1599 1006 1637 Qui
1031 1600 1118 1638 signo
1144 1600 1325 1632 admirabili

949 1647 1072 1686 Aquam
1095 1647 1129 1677 in
1153 1648 1260 1679 vinum
1283 1648 1423 1688 mutasti,

949 1692 1002 1724 Sic
1025 1696 1130 1725 terrae
1153 1693 1302 1726 inarabili

948 1739 1062 1771 Funde
1086 1749 1199 1782 rorem,
1226 1750 1316 1781 quem
1343 1742 1467 1773 creasti.

917 1822 923 1829 .
951 1795 1009 1834 Qui
1034 1795 1146 1828 fudisti
1172 1798 1211 1829 de
1233 1798 1335 1829 latere

950 1843 1074 1882 Aquam
1096 1853 1160 1875 una
1184 1853 1254 1875 cum
1278 1845 1438 1885 sanguine,

951 1890 1093 1921 Pluviam
1118 1891 1207 1922 nobis
1231 1891 1357 1923 mittere

951 1936 1022 1968 Non
1048 1938 1155 1969 tardes
1180 1946 1292 1978 magno
1318 1940 1444 1971 semine.

894 1994 925 2026 7.
947 1992 993 2024 Ut
1017 1992 1103 2031 quid,
1125 1992 1222 2033 Deus,
1249 1994 1395 2033 repulisti

953 2038 1030 2078 Nos,
1055 2042 1128 2070 tuae
1150 2048 1224 2071 oves
1248 2050 1395 2082 pascuae,

950 2085 994 2117 Ut
1017 2086 1093 2124 quid
1117 2087 1150 2117 in
1174 2096 1230 2118 nos
1256 2088 1393 2130 erexisti,

948 2131 1064 2163 Furori
1087 2141 1198 2172 pacem
1221 2135 1348 2166 miscue.

918 2214 924 2221 .
951 2187 1095 2227 Domine,
1120 2188 1206 2221 Deus
1230 2189 1404 2231 Abraham,

951 2234 1043 2265 Nunc
1069 2235 1151 2267 dona
1175 2236 1264 2268 nobis
1291 2237 1430 2276 pluviam

950 2281 994 2312 Et
1018 2280 1138 2314 fructus
1163 2283 1398 2325 abundantiam,

954 2328 1053 2361 Simul
1075 2329 1185 2361 salutis
1211 2330 1344 2371 copiam,
