1651 2518
742 118 972 153 „56—

244 243 251 250 .
276 215 347 247 Jam
371 216 455 247 laeta
476 218 576 247 mater
599 214 698 246 filium
886 215 916 246 5.
944 212 1144 253 Quaesumus,
1170 213 1279 243 auctor
1303 210 1448 248 omnium,

275 262 422 294 Gaudens
446 262 620 294 redivivum
643 261 740 302 videt,
944 259 981 290 In
1003 259 1064 290 hoc
1084 258 1208 289 Mariae
1229 258 1330 296 jubilo

275 309 371 347 Quem
396 309 477 341 vidit
500 309 563 340 alto
588 308 695 347 stipite
944 305 993 336 Ab
1019 305 1102 336 omni
1126 305 1236 336 mortis
1260 304 1380 343 impetu

273 355 352 387 Toto
377 358 537 387 cruentum
563 362 704 394 corpore.
945 352 1045 383 Tuum
1071 350 1207 383 defende
1230 351 1390 390 populum.

242 436 249 443 .
277 411 374 449 Quam
396 409 455 443 filii
478 419 562 443 mors
584 411 682 450 impia
890 410 920 441 6.
948 407 1057 439 Gloria
1072 407 1141 448 tibi,
1167 407 1311 448 Domine,

272 457 390 490 Dolore
413 466 531 489 summo
557 455 712 494 affecerat,
946 454 1004 492 Qui
1028 454 1163 485 visitasti
1187 453 1351 493 virginem,

275 504 412 536 Primam
436 511 603 544 resurgens
627 502 733 534 visitat
947 500 1024 532 Cum
1048 502 1140 539 patre
1164 503 1196 531 et,
1218 502 1328 531 sancto
1352 499 1467 538 spiritu

274 551 418 590 Altisque
444 550 532 582 donis
556 551 709 581 munerat.
944 547 982 578 In
1007 546 1198 585 sempiterna
1221 546 1356 578 saecula.

289 614 372 641 Brov.
392 614 577 641 Valentinum
599 615 666 648 imp.
687 612 840 639 Valentiae
861 609 941 639 1533.

635 711 680 742 63.
719 710 754 741 In
773 710 976 752 Apparitione
996 709 1082 741 BMV.

731 778 779 807 Ad
796 777 987 807 Nocturnum.

238 874 245 882 ,
272 847 296 879 Ο
322 856 388 886 rex,
414 849 540 878 aeterne
563 846 707 888 Domine,
887 847 920 878 3.
944 844 1058 876 Mortis
1082 843 1292 883 triumphator
1315 845 1427 883 potens

272 893 388 926 Rerum
415 896 536 925 creator
560 894 707 932 omnium,
942 891 1067 922 Fractis
1091 890 1211 922 Averni
1233 890 1376 922 vectibus

271 939 383 979 Sopita
405 948 511 972 somno
535 942 665 979 pectora
943 937 1040 969 Redit
1062 940 1195 977 tyranno
1220 937 1347 968 subdito

272 987 325 1019 Ad
349 990 381 1018 te
403 987 573 1018 canendum
600 987 726 1018 suscita.
942 984 1058 1024 Magno
1084 986 1209 1023 patrum
1234 992 1303 1014 cum
1328 985 1454 1023 gaudio.

240 1068 249 1076 .
273 1043 365 1076 Felix
390 1042 499 1074 adesto
521 1051 605 1073 nunc
628 1043 699 1083 tuis,
890 1043 922 1073 4.
946 1040 1061 1072 Mortis
1088 1040 1196 1071 dolore
1220 1040 1356 1071 sauciam

273 1089 370 1129 Virgo
395 1098 519 1129 parens,
546 1088 712 1131 clientulis,
948 1086 1102 1127 Fletuque
1127 1095 1261 1118 mersam
1285 1086 1411 1127 lugubri

277 1136 386 1176 Tuum,
413 1135 514 1175 beata,
538 1134 672 1175 jubilum
947 1133 1084 1165 Matrem
1109 1141 1274 1172 resurgens
1299 1134 1451 1173 virginem

273 1182 380 1215 Laetis
407 1190 551 1214 canamus
577 1182 734 1216 laudibus.
948 1181 1033 1211 Altis
1059 1179 1170 1211 refecit
1195 1181 1327 1220 gaudiis.

553 1239 585 1269 5.
611 1238 812 1277 Quaesumus,
835 1240 944 1268 auctor
968 1237 1113 1267 omnium.

292 1303 374 1329 Brev.
393 1301 580 1330 Valentinum
599 1302 667 1338 imp.
687 1302 842 1329 Valentiae
863 1299 944 1329 1533.

634 1401 680 1432 64.
720 1400 753 1431 In
772 1400 975 1441 Apparitione
995 1400 1080 1431 BMV.

765 1466 813 1495 Ad
833 1466 957 1496 Laudes.

240 1559 247 1566 .
273 1534 398 1566 Aurora
420 1534 499 1565 lucis
523 1534 641 1572 rutilat,
890 1536 919 1567 3.
947 1533 1057 1566 Victor
1084 1534 1206 1574 ducum,
1235 1535 1298 1567 dux
1320 1535 1446 1566 inclitus

277 1581 385 1612 Antris
410 1581 495 1612 redit
517 1581 563 1612 sol
588 1580 708 1622 inferis,
947 1581 1047 1612 Victis
1071 1584 1217 1621 potenter
1242 1582 1370 1613 tartaris

273 1626 394 1660 Cedant
416 1628 566 1659 tenebrae
589 1627 709 1668 lumini,
947 1627 1084 1659 Matrem
1110 1628 1218 1660 dolore
1241 1630 1415 1660 exanimem

273 1674 359 1705 Vicit
382 1675 443 1712 leo,
465 1675 530 1713 jam
554 1675 706 1714 plaudite.
946 1675 1044 1706 Pleno
1069 1674 1183 1707 refecit.
1204 1675 1316 1715 J'uhilo,

241 1756 248 1764 .
275 1730 355 1763 Oves
380 1730 512 1762 redemit
536 1731 664 1771 proprio
888 1732 920 1763 4.
946 1730 1082 1763 Matrem
1106 1729 1265 1772 refulgens
1290 1732 1391 1772 gloria

274 1778 385 1810 Pastor
410 1785 519 1809 cruore
543 1778 694 1817 perditas,
947 1778 1010 1809 Sua
1033 1778 1107 1810 beat
1130 1779 1319 1818 praesentia,

275 1824 370 1856 Ovem
393 1824 460 1862 lupi
486 1825 525 1855 de
549 1823 691 1856 faucibus
948 1825 1048 1857 Flexo
1074 1825 1230 1865 redempti
1256 1826 1378 1865 poplite

273 1871 380 1909 Agnus
407 1872 543 1902 cruentis
567 1871 732 1903 abstrahit.
952 1872 1075 1912 Colunt,
1101 1872 1245 1911 adorant,
1273 1872 1412 1905 efferunt.

552 1929 582 1959 5.
610 1929 811 1968 Quaesumus⁷
838 1930 948 1959 auctor
972 1929 1118 1959 omnium.

288 1990 373 2018 Brev.
393 1990 580 2018 Valentinum
600 1992 669 2027 imp.
689 1992 843 2019 Valentiae
866 1989 947 2019 1533.

624 2081 670 2112 65.
710 2080 753 2112 De
776 2082 807 2112 B.
826 2081 928 2112 Maria
948 2080 988 2111 ad
1005 2080 1104 2112 Nives.

705 2148 752 2177 Ad
771 2148 860 2185 Vesp.
883 2151 911 2177 et
929 2147 1015 2177 Noct.

239 2239 246 2246 .
271 2215 369 2253 Quem
392 2215 446 2254 pia
467 2216 556 2256 virgo
582 2217 696 2258 genuit,
886 2219 918 2249 2.
945 2215 1044 2254 Quam
1068 2224 1193 2256 semper
1217 2227 1314 2257 super
1337 2219 1445 2253 sidera

272 2260 367 2292 Sacro
392 2261 521 2301 perfusa
543 2263 667 2303 spiritu,
941 2262 1067 2295 Laudat
1092 2264 1235 2296 coelestis
1261 2267 1357 2305 curia,

268 2307 347 2346 Regi
370 2309 517 2347 perennis
541 2310 660 2349 gloriae
941 2308 1074 2341 Sanctae
1097 2310 1221 2343 Mariae
1242 2313 1358 2352 virgini

267 2353 426 2392 Dymnum
452 2364 597 2387 canamus
619 2358 748 2397 jugiter.
944 2355 1057 2388 Grates
1082 2358 1252 2390 reddamus
1279 2360 1413 2394 debitas.
