1651 2518
692 76 947 113 ——108-

534 169 592 201 162.
636 169 679 200 De
701 177 724 199 s.
744 169 896 200 Dominico
916 167 1095 200 Exsiliensi.

720 235 767 265 Ad
784 234 911 265 Laudes.

175 309 205 342 1.
230 306 465 340 Inthronizatur
489 305 583 337 hodie
848 304 879 335 3.
905 303 1087 335 Dominicus
1110 303 1163 334 hic
1188 302 1311 342 dicitur,

229 353 421 392 Dominicus,
447 353 496 385 vir
517 352 654 393 inclitus,
905 351 994 389 Quod
1019 349 1079 381 fuit
1104 351 1206 381 custos
1229 349 1365 389 Domini,

231 401 269 432 In
295 401 371 432 sede
393 399 481 439 regni
505 399 624 438 gloriae
908 396 1033 428 Cunctis
1057 397 1129 435 pius
1157 397 1338 437 obsequitur

235 447 376 479 Coronae
399 446 499 477 tribus
523 445 696 484 praeditus,
904 443 1083 475 Invidiosus
1105 444 1232 477 nemini.

176 505 206 536 2.
233 502 345 534 Mundi
370 504 492 533 certans
518 501 623 532 areola
847 501 877 533 4.
902 499 966 532 Hic
989 500 1075 531 velut
1098 499 1192 531 stella
1214 500 1345 532 rutilans

232 550 369 581 Auream
394 548 495 580 victor
518 547 631 578 meruit
905 545 959 578 Sic
977 546 1124 586 splendet
1146 546 1178 577 in
1203 546 1366 586 Hispania,

232 596 312 627 Bina
337 593 452 634 gaudet
474 594 611 633 aureola,
903 592 974 624 Jam
999 601 1103 624 coram
1127 593 1195 624 Deo
1216 592 1356 632 Jubilans

233 642 315 674 Dum
342 643 428 681 virgo
455 640 565 672 doctor
590 640 705 672 docuit.
907 639 988 672 Ovat
1009 640 1044 671 in
1069 640 1149 671 coeli
1175 641 1270 672 curia.

614 698 644 728 5.
671 695 720 727 Sit
745 696 854 727 deitati
879 695 1016 734 simplici

669 742 783 775 Decus,
809 741 918 780 honor,
941 743 1116 781 imperium,

674 789 814 821 Christus
838 797 934 828 prece
956 788 1113 821 Dominici

672 835 736 867 Det
759 835 848 867 nobis
873 836 957 867 vitae
978 836 1162 875 praemium.

251 901 380 937 Vergara
397 901 417 928 1.
435 909 460 927 c.
482 909 510 935 p.
530 898 595 928 456.
615 914 652 919 -—
672 898 697 934 2,
720 898 735 926 1
756 902 868 927 certans
888 900 1014 927 aureola.

503 1009 561 1040 163.
601 1010 643 1039 De
663 1010 770 1040 saneto
789 1009 943 1040 Dominico
964 1009 1145 1040 Exsiliensi.

719 1076 766 1105 Ad
785 1076 923 1106 Tertiam.

182 1145 211 1177 1.
237 1144 337 1175 Beata
360 1144 450 1175 nobis
475 1144 589 1184 gaudia
856 1146 886 1177 3.
912 1144 1038 1184 Beatus,
1064 1145 1105 1176 ad
1130 1153 1220 1184 quem
1244 1145 1373 1177 veniunt

237 1190 325 1222 Haec
348 1199 497 1230 praesens
523 1191 589 1223 dies
614 1191 729 1228 attulit,
910 1190 978 1223 Rex
1004 1193 1036 1222 et
1059 1190 1166 1231 regina
1190 1191 1319 1232 gloriae,

236 1237 401 1270 Dominico
427 1237 574 1268 coelestia
911 1237 990 1269 Veni
1015 1236 1113 1269 frater
1135 1237 1206 1278 huc,
1231 1238 1385 1277 inquiunt,

236 1283 303 1322 Qua
330 1284 472 1315 Christus
499 1284 527 1314 ei
553 1283 693 1315 contulit.
909 1285 961 1316 Ad
986 1287 1113 1316 nostrae
1136 1293 1273 1316 mensam
1295 1285 1409 1319 curiae,

179 1342 209 1373 2.
236 1339 337 1378 Beati,
363 1348 492 1379 quorum
516 1340 598 1371 oculi
853 1341 884 1372 4.
911 1339 1027 1371 Beatus
1048 1341 1114 1379 J'am
1137 1340 1171 1372 in
1195 1340 1295 1380 gloria

236 1385 330 1418 Hunc
353 1389 535 1418 meruerunt
559 1393 696 1427 cernere,
909 1386 1031 1419 Corona
1054 1387 1170 1426 gaudet
1193 1387 1320 1427 triplici,

236 1432 338 1472 Beati,
365 1434 417 1472 qui
442 1436 515 1464 sunt
537 1432 649 1471 seduli,
908 1434 938 1464 A
963 1434 1074 1473 culpae
1096 1442 1152 1465 nos
1175 1434 1302 1465 miseria

235 1479 330 1511 Hunc
353 1488 432 1518 puro
458 1480 553 1511 corde
574 1479 686 1512 colere.
913 1480 1043 1512 Solvant
1065 1488 1175 1520 preces
1199 1480 1366 1514 Dominici.

573 1538 612 1568 5..
629 1535 729 1567 Beata
750 1544 874 1575 semper
898 1536 1022 1567 trinitas

628 1582 691 1613 Det
712 1581 802 1614 nobis
827 1583 907 1614 bene
932 1583 1046 1622 vivere,

629 1628 674 1661 Ut
697 1629 755 1661 sibi
780 1629 891 1661 laudes
911 1629 1033 1661 debitas

628 1675 691 1707 Hic
717 1676 823 1707 demus
851 1679 883 1707 et
905 1677 939 1707 in
963 1677 1099 1708 aethere.

256 1741 383 1777 Vei-gara
405 1740 424 1767 1.
446 1748 469 1766 c.
489 1749 517 1776 p.
537 1738 602 1768 456.

544 1840 604 1872 164.
646 1840 689 1871 De
710 1848 733 1871 s.
754 1840 907 1872 Dominico
931 1840 1109 1872 Exsiliensi.

743 1907 875 1944 Hymnus
898 1908 921 1936 Ι.

188 1978 217 2009 1.
244 1975 409 2016 Dominiei,
437 1975 554 2009 Christi
577 1976 700 2016 militis,
862 1978 892 2009 3.
918 1976 1063 2008 Membra
1086 1978 1141 2008 tua
1164 1974 1271 2008 felicia

244 2023 345 2055 Micat
369 2032 483 2055 corona
505 2023 630 2063 nobilis,
918 2022 1006 2054 Haec
1029 2024 1145 2054 retinet
1168 2023 1308 2062 basilica,

241 2071 337 2109 Quem
362 2078 498 2109 superna
523 2070 699 2102 Jerusalem
919 2070 965 2101 Te
985 2073 1169 2102 venerantes
1193 2070 1324 2102 subleva

245 2116 369 2149 Christo
393 2117 576 2156 praetendit
600 2117 748 2148 nobilem.
918 2116 1121 2156 impetrando
1148 2117 1307 2149 coelestia.

188 2174 219 2204 2.
245 2172 416 2214 Dominum,
444 2181 570 2205 consors
596 2172 746 2212 felicium,
863 2175 894 2206 4.
920 2172 989 2203 Hoc
1014 2172 1064 2211 da,
1088 2175 1180 2212 pater
1203 2173 1351 2212 ingenite,

246 2220 388 2258 Accepta
411 2228 521 2258 preces
545 2220 735 2261 supplicum,
918 2219 988 2250 Hoc
1007 2221 1144 2259 praesta,
1171 2218 1216 2251 fili
1242 2220 1359 2259 genite,

244 2265 338 2297 Hunc
361 2268 447 2297 tuum
472 2275 596 2306 gregem
621 2267 716 2298 visita
918 2266 989 2297 Hoc
1012 2265 1125 2305 tribue,
1150 2266 1317 2308 paraclite,

248 2313 366 2345 Cuncta
389 2314 510 2352 pellens
534 2313 765 2353 phantasmata.
916 2312 1061 2352 Regnans
1086 2314 1217 2353 perenni
1244 2314 1388 2348 culmine.
