1651 2518
763 90 1015 125 —274—

655 199 722 229 479.
761 198 804 228 De
824 198 930 228 sancto
950 197 1121 229 Vincentio.

795 262 844 291 Ad
862 262 988 292 Laudes.

248 330 277 361 1.
306 329 461 361 vincentii
484 330 575 368 plebs
601 331 714 361 devota

351 375 496 407 Extollat
518 375 715 415 martyrium,

310 421 370 460 Qui
394 430 452 461 pro
477 420 541 453 fide
565 425 670 452 mente
692 424 760 453 tota

357 468 492 499 Sustulit
515 468 717 507 supplicium,

311 512 374 544 Cur
399 514 478 545 coeli
502 522 604 552 poena
628 517 748 546 remota

355 559 568 598 Amplectitur
591 559 746 592 bravium.

254 617 283 647 2.
309 616 347 648 In
372 614 507 647 rebelles
532 614 739 655 triumphavit

358 662 401 693 Et
426 661 543 701 objecit
567 660 703 700 fortiter,

315 708 351 740 In
380 717 472 749 quem
497 711 654 741 tormenta
678 710 804 749 paravit

364 755 523 788 Dacianus
548 756 674 796 acriter,

311 802 467 835 Donando
491 812 554 834 non
579 805 741 843 superavit

359 849 443 881 Fide
468 850 586 883 Christi
609 851 774 890 proelium.

256 908 285 940 3.
312 907 415 947 Impie
436 906 535 946 judex
562 907 698 939 crudelis

361 955 468 994 Atque
492 952 561 986 fera
586 954 733 993 pessima,

313 1002 427 1041 Atrox,
453 1009 596 1040 nequam,
623 1000 771 1040 infidelis,

359 1042 552 1079 En‘tractas
576 1048 767 1087 nequissima

316 1093 434 1126 Contra
457 1103 572 1136 regem,
598 1095 651 1133 qui
674 1095 826 1134 regnavit,

364 1141 503 1172 Protulit
526 1141 720 1172 Vincentius.

258 1198 289 1228 4.
316 1196 405 1228 Tunc
428 1196 527 1227 iratus
552 1197 710 1228 Dacianus

359 1242 520 1282 Praecipit
541 1242 692 1274 militibus

311 1287 461 1319 Fremens
487 1288 582 1320 veluti
608 1297 756 1320 vesanus:

359 1335 483 1365 Poenae
510 1335 623 1365 dentur
647 1334 794 1377 artubus;

314 1380 367 1412 Sic
389 1380 547 1420 impletur,
571 1383 606 1411 ut
630 1381 806 1418 mandatur,

360 1425 574 1464 Extorquetur
597 1427 710 1457 acrius.

927 333 956 361 5.
983 329 1143 368 Equuleus
1168 333 1384 372 praeparatur,

1027 375 1139 407 Levita
1162 376 1373 415 suspenditur,

982 421 1033 452 Ab
1058 421 1179 452 ossibus
1203 425 1368 459 separatur

1032 467 1124 508 Caro,
1149 467 1274 507 sanguis
1299 466 1443 498 funditur

985 514 1121 551 Ardens‚
1145 515 1181 544 ut
1205 516 1330 545 sanctus
1354 516 1473 555 uratur,

1036 560 1156 599 Tegula
1179 561 1374 600 supponitur.

930 618 959 649 6.
988 616 1069 647 Dum
1096 617 1230 655 quiescit
1252 615 1337 647 infra
1361 617 1493 655 thorum,

1033 663 1101 695 Deo
1128 663 1216 695 dedit
1239 663 1392 704 spiritum,

988 709 1133 742 Delatum
1156 711 1241 742 coelo
1265 719 1323 749 per
1347 710 1484 753 chorum,

1036 758 1186 789 Paradiso
1210 757 1358 789 traditum

989 804 1188 836 Lactantium
1211 805 1400 844 angelorum,

1035 851 1151 892 Quibus
1177 860 1303 883 consors
1325 851 1454 883 sistitur.

958 935 965 942 .
990 908 1050 940 Pro
1075 907 1165 939 nobis
1189 916 1253 943 ora,
1279 907 1434 947 Vincenti,

1035 955 1081 988 Ut
1098 955 1265 994 jungamur
1287 954 1420 986 Domino

991 1001 1170 1034 Gaudentes
1195 1001 1399 1041 omnipotenti

1038 1049 1152 1080 Sancto
1177 1048 1244 1080 sine
1267 1048 1411 1087 termino,

989 1095 1139 1126 Abscissa
1162 1103 1264 1134 poena
1287 1095 1433 1127 tormenti

1037 1141 1239 1174 Perfruamur
1263 1142 1387 1181 gaudio.

955 1223 960 1229 .
988 1197 1146 1238 Trinitati,
1172 1197 1265 1238 patri,
1292 1200 1365 1229 nato

1035 1243 1084 1275 Sit
1107 1244 1207 1275 honor
1231 1246 1263 1275 et
1284 1243 1384 1283 gloria

987 1290 1209 1330 Pneumatique
1232 1290 1359 1328 sociato,

1032 1335 1148 1374 Quibus
1173 1344 1293 1366 summa
1316 1337 1418 1376 gratia

987 1381 1140 1413 Perfectis
1163 1380 1226 1413 fine
1251 1381 1341 1413 heato

1032 1428 1220 1460 Orthodoxis
1244 1430 1392 1460 traditur.

328 1489 411 1517 Brev,
439 1489 613 1516 Celsonense
640 1491 707 1524 imp.
734 1489 981 1525 Caesaraugustae
1012 1489 1092 1518 1514.
1118 1506 1152 1511 —
1177 1492 1341 1520 Verfasser:
1371 1493 1541 1528 Anonymus

254 1525 445 1553 Celsonensis.
465 1541 502 1546 —-
521 1523 547 1559 3,
569 1524 586 1553 5
607 1528 715 1562 regnat.

657 1653 723 1685 480.
762 1652 806 1684 De
825 1656 932 1685 sancto
953 1654 1122 1686 Vincentio.

785 1720 831 1749 Ad
850 1720 1003 1758 Vesperas.

280 1811 286 1817 .
311 1785 370 1818 Pia
392 1788 493 1817 mater
518 1787 660 1827 ecelesia,

314 1832 438 1871 Magnis
463 1832 572 1863 attolle
595 1832 740 1865 laudibus

315 1878 511 1918 Regnantem
536 1887 606 1910 cum
629 1881 764 1912 victoria

311 1924 411 1957 Victis
435 1925 543 1956 mundi
569 1926 737 1960 erroribus,

280 2005 287 2011 .
313 1980 466 2012 Doctlina
489 1981 611 2020 pollens
636 1983 757 2022 gemina

314 2027 431 2059 Christi
455 2028 544 2059 miles
569 2028 750 2061 Vincentius

310 2074 375 2105 Dat
397 2075 498 2106 sancti
522 2075 609 2107 verbi
633 2076 761 2117 semina,

312 2121 377 2159 Quo
402 2124 521 2160 pugnat
543 2122 589 2153 sic
613 2124 786 2156 ardentius=

254 2198 283 2208 ..
311 2176 423 2208 Dirum
447 2178 604 2217 responsis
625 2178 763 2217 judicem

314 2223 387 2255 Pius
410 2224 501 2255 miles
525 2225 715 2265 aggreditur,

312 2270 385 2310 Spei
411 2272 621 2304 conscendens
646 2272 766 2312 apicem

310 2318 376 2356 Qua
408 2318 526 2349 coelum
547 2319 613 2358 jam
638 2320 863 2359 complectitur.

924 1790 954 1821 4.
980 1789 1043 1820 Pro
1067 1789 1131 1821 fide
1155 1793 1220 1822 stat
1241 1793 1419 1832 intrepidus

981 1835 1084 1868 Multa
1107 1845 1218 1875 passus
1242 1838 1390 1881 ludibria⁷

982 1882 1044 1913 Pro
1068 1892 1129 1923 qua
1153 1883 1200 1915 sic
1223 1886 1339 1918 ardens
1365 1887 1507 1921 fervidus

983 1929 1160 1961 Carbonum
1185 1930 1248 1963 fert
1271 1935 1450 1968 succendia.

948 2009 955 2016 .
982 1985 1075 2017 Orate
1101 1985 1255 2020 distentus
1283 1988 1388 2023 ferrea

983 2031 1163 2071 Tyrannum
1187 2036 1289 2073 pascit
1312 2037 1454 2078 impium,

980 2077 1071 2110 Foris
1096 2079 1243 2113 labuntur
1267 2083 1388 2116 viscera

980 2124 1048 2157 Nec
1072 2129 1177 2158 tamen
1201 2127 1266 2161 fert
1290 2131 1500 2170 dispendium.

946 2206 952 2213 .
979 2181 1110 2214 Athleta
1133 2186 1197 2216 stat
1219 2185 1387 2219 immobilis

980 2229 1167 2269 Torquentis
1191 2232 1299 2264 ridens
1324 2233 1448 2275 furiam,

979 2275 1046 2307 Nec
1069 2285 1155 2309 mens
1180 2281 1317 2312 terretur
1340 2282 1454 2315 nobilis

979 2323 1032 2354 Ad
1058 2324 1136 2355 coeli
1160 2326 1284 2364 spirans
1310 2329 1438 2362 curiam.
