1651 2518
741 114 995 149 —211—

630 232 693 264 366.
729 234 772 265 De
791 235 902 265 sancta
923 234 1113 274 margareta.

752 310 801 339 Ad
821 310 973 348 vesperas.

222 385 252 417 1.
280 384 316 416 In
343 386 466 417 excelso
490 387 568 418 coeli
593 387 706 419 throno
899 389 929 421 3.
957 389 1018 421 Per
1041 386 1232 428 praefectum
1261 388 1486 427 comprehensa

328 432 444 473 Fulget
468 433 581 465 chorus
603 435 768 475 virginum,
1002 436 1181 474 Acceptare
1204 435 1304 466 noluit

278 478 322 510 Et
344 479 378 511 in
401 480 495 511 terris
522 481 617 513 corde
641 490 740 520 prono
954 483 1097 521 Munera,
1123 482 1198 513 licet
1220 481 1381 521 immensa,

324 526 393 557 Vox
418 528 555 559 exsultat
584 528 750 571 hominum,
1000 529 1068 561 Nec
1091 537 1126 560 se
1149 529 1216 568 pati
1241 529 1350 568 doluit,

277 572 473 613 Margaiitae
499 574 582 606 dulci
607 575 688 606 dono
954 577 1030 616 Igne
1053 584 1125 608 nam
1151 576 1228 607 coeli
1252 584 1402 607 succensa

325 619 512 652 Scandentis
537 621 578 652 ad
603 621 781 654 Dominum.
989 623 1146 655 Christum
1171 631 1295 661 semper
1320 623 1424 656 coluit.

219 687 250 718 2.
278 686 314 717 In
341 688 445 717 aetate
468 687 604 725 puellari
895 691 926 722 4.
953 688 1052 720 Nobis
1078 696 1151 728 ergo
1176 697 1270 727 prece
1294 689 1347 727 pia

325 732 443 764 Christi
467 733 555 773 virgo
582 734 699 775 dedita,
998 736 1034 767 In
1060 736 1119 767 hac
1143 736 1208 767 vita
1232 735 1387 767 stantibus

277 779 388 818 Coepit
412 779 499 819 virgo
524 780 681 820 meditari,
951 782 999 814 Sit
1022 783 1160 822 lucerna,
1189 782 1253 813 dux
1278 784 1310 813 et
1333 782 1384 814 via

322 825 411 864 Quod
437 826 557 858 talenta
581 827 699 859 tradita
996 829 1124 861 Miseris
1150 829 1327 860 errantibus

274 871 409 904 Possent
431 873 464 904 in
488 882 523 904 se
550 874 705 913 duplicari
950 876 992 907 Et
1018 885 1087 907 cum
1112 876 1233 915 virgine
1257 876 1362 907 Maria

322 918 408 950 Luoe
432 929 551 952 morum
576 921 732 960 praedita.
987 923 1140 955 Occurrat
1163 923 1380 963 migrantibus.

609 989 639 1020 5.
665 987 790 1019 Laudes
815 987 922 1019 demus
947 988 1150 1027 redemptori,

711 1034 807 1072 Quem
831 1037 923 1074 pater
946 1034 1120 1075 progenuit,

662 1080 798 1112 Flamini
823 1083 855 1112 et
880 1082 1024 1121 creatori,

709 1128 771 1160 Per
795 1137 871 1167 quos
897 1129 984 1169 virgo
1009 1127 1111 1159 tenuit

662 1174 836 1214 Margarita
860 1174 955 1206 fidem
979 1175 1073 1215 thori,

710 1222 863 1253 Mundum
889 1231 1011 1261 quoque
1035 1221 1147 1254 renuit.

284 1295 368 1321 Brev.
393 1303 444 1321 ms.
467 1294 626 1322 Illerdense
654 1304 723 1322 saee-
752 1294 795 1322 14.
817 1296 885 1324 Cod.
908 1296 1002 1332 Capit.
1019 1295 1151 1324 Illerden.
1175 1294 1218 1322 12.
1239 1296 1272 1323 A.
1294 1311 1331 1315 —
1350 1296 1432 1323 Brev.
1454 1305 1505 1323 ms.

207 1331 365 1359 Illerdense
391 1333 460 1359 anni
487 1330 566 1360 1451.
590 1332 656 1359 Cod.
679 1333 772 1368 Capit.
793 1334 927 1361 Illerden.
955 1342 976 1361 s.
997 1343 1025 1361 n.
1046 1335 1078 1361 B.
1098 1348 1137 1352 —
1156 1334 1231 1361 Brev
1260 1333 1420 1360 Illcrdense
1438 1342 1501 1369 imp.

207 1369 333 1396 1llerdae
353 1367 434 1397 1479.
456 1370 486 1397 C.
508 1385 544 1390 —
565 1371 648 1397 Brev.
668 1371 827 1398 Illerdense
846 1372 914 1407 imp.
936 1380 978 1399 ca.
1001 1369 1082 1399 1532.
1103 1371 1139 1398 D-

620 1516 681 1548 367.
720 1518 764 1549 De
783 1518 892 1549 sancta
911 1518 1098 1558 Margareta.

725 1593 773 1623 Ad
792 1593 979 1624 Nocturnum.

210 1671 238 1703 1.
265 1671 301 1703 In
327 1671 387 1703 Dei
411 1671 507 1703 laude
532 1671 687 1703 canticum
883 1674 914 1706 4.
943 1672 1005 1704 Sed
1031 1673 1070 1704 ab
1095 1672 1166 1711 ipsa
1190 1673 1350 1712 respuitur

265 1718 310 1750 Et
333 1718 527 1758 Margaritae
551 1718 680 1758 virginis
941 1719 1036 1751 Velut
1062 1719 1133 1751 faex
1156 1719 1384 1759 putridissima,

266 1765 444 1805 Cantemus,
471 1766 554 1804 quod
579 1766 621 1796 sit
645 1766 817 1805 praemium
939 1766 1008 1798 Nec
1030 1767 1069 1799 ab
1095 1775 1130 1798 eo
1157 1767 1335 1806 dimittitur,

263 1812 424 1852 Nostrum,
450 1822 525 1852 pars
551 1813 756 1847 celsitudinis,
939 1814 1019 1854 Quin
1042 1813 1187 1846 laedatur
1209 1814 1392 1853 Justissima.

204 1881 236 1912 2.
262 1879 449 1919 Margarita,
475 1881 511 1910 ut
537 1879 661 1919 dicitur,
882 1879 913 1913 5.
939 1879 1086 1912 Latronis
1108 1888 1195 1911 more
1222 1880 1345 1912 ducitur

263 1927 345 1959 Oves
369 1926 522 1966 pascebat
546 1926 672 1958 humilis
938 1928 991 1960 Ad
1017 1926 1212 1960 caedendum
1235 1928 1405 1967 purissima

259 1974 328 2006 Nec
352 1983 503 2015 arrogans
530 1974 699 2016 egreditur,
937 1975 981 2007 Et
1005 1984 1023 2006 a
1049 1975 1184 2007 dracone
1207 1975 1336 2017 bibitur,

264 2021 341 2054 Cum
365 2022 406 2053 sit
431 2025 563 2061 parente
587 2021 711 2055 nobilis.
940 2023 1036 2062 Quem
1061 2024 1153 2054 nec-at
1176 2023 1431 2062 prudentissima.

201 2089 231 2121 3.
258 2090 288 2120 A
313 2087 475 2128 praefecto
502 2088 653 2130 diligitur,
882 2089 914 2121 6.
940 2089 1081 2129 Praesta,
1106 2091 1197 2128 pater
1222 2089 1362 2128 piissime

257 2136 354 2175 Quem
380 2136 486 2167 renuit
508 2136 707 2168 sanctissima
936 2136 1087 2176 Patrique
1113 2144 1240 2176 compar
1263 2137 1364 2178 unice,

261 2183 305 2215 Et
329 2186 404 2215 tunc
427 2183 488 2215 sibi
512 2183 709 2223 promittitur
940 2183 1017 2215 Cum
1042 2183 1156 2223 spiritu
1181 2184 1335 2223 paraclito

258 2231 394 2271 Largior
420 2231 485 2275 dos,
510 2230 697 2271 largissima.
938 2230 1085 2271 Regnans
1109 2239 1168 2271 per
1192 2240 1282 2263 omne
1307 2233 1475 2267 saeculum.

271 2307 355 2334 Brev.
383 2315 435 2334 ms.
456 2306 616 2334 Illerdense
642 2314 717 2333 saec.
741 2304 783 2333 14.
805 2305 872 2333 Cod.
895 2305 987 2341 Capit.
1006 2305 1141 2334 Illerden.
1164 2304 1206 2333 12.
1229 2307 1263 2334 A.
1284 2322 1320 2326 —
1340 2308 1424 2336 BreV.
1444 2319 1497 2338 ms.

198 2344 359 2372 Illerdense
383 2345 453 2372 anni
476 2342 557 2372 1451.
578 2344 647 2373 Cod.
670 2345 763 2380 Capit.
784 2343 917 2371 Illerden.
942 2352 964 2371 s.
991 2353 1019 2371 n.
1038 2345 1072 2372 B.
1094 2360 1129 2364 —
1149 2345 1232 2373 Brev.
1252 2346 1410 2375 IUerdense
1430 2349 1498 2385 imp.

194 2382 320 2410 Illerdae
343 2380 423 2410 1479.
446 2383 476 2411 C.
499 2398 532 2401 —
553 2383 640 2410 Brev.
661 2382 820 2411 Illerdense
839 2383 908 2418 imp.
930 2390 971 2410 ca.
994 2380 1075 2411 1533.
1095 2383 1132 2410 D.

1269 2432 1325 2462 14*
